{"timestamp_utc": "2026-03-26T04:46:27Z", "market_key": "SOL5M_2026-03-26T05:10:00Z", "condition_id": "0x86f8127dfc6daea39c3c8b3fd04e34ae91c7c16284b0a20678d070db6cd7ca5b", "trade_id": "0x650b74edffdf86fcce47069ddf2a65440ee8e92a4903d5bc2996ee5a0459c85d:75513021821518959018695871962495378398360392093707011016143021577642821514214:1774500387", "side": "buy", "price": 0.51, "size": 10.0, "outcome": "up", "asset": "75513021821518959018695871962495378398360392093707011016143021577642821514214", "transaction_hash": "0x650b74edffdf86fcce47069ddf2a65440ee8e92a4903d5bc2996ee5a0459c85d", "source": "polymarket"}
{"timestamp_utc": "2026-03-26T05:00:05Z", "market_key": "SOL5M_2026-03-26T05:10:00Z", "condition_id": "0x86f8127dfc6daea39c3c8b3fd04e34ae91c7c16284b0a20678d070db6cd7ca5b", "trade_id": "0xe91bf3570943ff193a9c9fdf60e8fab7466a84520e18a4e053ff4bbfdc853f57:75513021821518959018695871962495378398360392093707011016143021577642821514214:1774501205", "side": "buy", "price": 0.5099998316998873, "size": 1.960783, "outcome": "up", "asset": "75513021821518959018695871962495378398360392093707011016143021577642821514214", "transaction_hash": "0xe91bf3570943ff193a9c9fdf60e8fab7466a84520e18a4e053ff4bbfdc853f57", "source": "polymarket"}
{"timestamp_utc": "2026-03-26T05:00:05Z", "market_key": "SOL5M_2026-03-26T05:10:00Z", "condition_id": "0x86f8127dfc6daea39c3c8b3fd04e34ae91c7c16284b0a20678d070db6cd7ca5b", "trade_id": "0x695460f94a52ef1aeb45d35c409235241f7a2d28fc355cce02c2a35b39fb939b:60888286813205633381706156723557222885324390305369571496173942660264597290768:1774501205", "side": "buy", "price": 0.5, "size": 2.0, "outcome": "down", "asset": "60888286813205633381706156723557222885324390305369571496173942660264597290768", "transaction_hash": "0x695460f94a52ef1aeb45d35c409235241f7a2d28fc355cce02c2a35b39fb939b", "source": "polymarket"}
{"timestamp_utc": "2026-03-26T05:01:31Z", "market_key": "SOL5M_2026-03-26T05:10:00Z", "condition_id": "0x86f8127dfc6daea39c3c8b3fd04e34ae91c7c16284b0a20678d070db6cd7ca5b", "trade_id": "0x0bc1248f47b8682ca5701865de8c12e98e5715ac4e61fe8f8324687baebc484f:75513021821518959018695871962495378398360392093707011016143021577642821514214:1774501291", "side": "buy", "price": 0.51, "size": 5.0, "outcome": "up", "asset": "75513021821518959018695871962495378398360392093707011016143021577642821514214", "transaction_hash": "0x0bc1248f47b8682ca5701865de8c12e98e5715ac4e61fe8f8324687baebc484f", "source": "polymarket"}
{"timestamp_utc": "2026-03-26T05:01:45Z", "market_key": "SOL5M_2026-03-26T05:10:00Z", "condition_id": "0x86f8127dfc6daea39c3c8b3fd04e34ae91c7c16284b0a20678d070db6cd7ca5b", "trade_id": "0x4038ccde7109c8db13cc711fca5adb8c40f5bb79bea521f6f8aa54470993801e:75513021821518959018695871962495378398360392093707011016143021577642821514214:1774501305", "side": "buy", "price": 0.514, "size": 25.0, "outcome": "up", "asset": "75513021821518959018695871962495378398360392093707011016143021577642821514214", "transaction_hash": "0x4038ccde7109c8db13cc711fca5adb8c40f5bb79bea521f6f8aa54470993801e", "source": "polymarket"}
{"timestamp_utc": "2026-03-26T05:05:01Z", "market_key": "SOL5M_2026-03-26T05:10:00Z", "condition_id": "0x86f8127dfc6daea39c3c8b3fd04e34ae91c7c16284b0a20678d070db6cd7ca5b", "trade_id": "0xe7091929833962fc6345b7b496a12f186ffb35a64254e03ca8df81dd4de57dcc:75513021821518959018695871962495378398360392093707011016143021577642821514214:1774501501", "side": "buy", "price": 0.5399999658947319, "size": 8.796295, "outcome": "up", "asset": "75513021821518959018695871962495378398360392093707011016143021577642821514214", "transaction_hash": "0xe7091929833962fc6345b7b496a12f186ffb35a64254e03ca8df81dd4de57dcc", "source": "polymarket"}
{"timestamp_utc": "2026-03-26T05:05:05Z", "market_key": "SOL5M_2026-03-26T05:10:00Z", "condition_id": "0x86f8127dfc6daea39c3c8b3fd04e34ae91c7c16284b0a20678d070db6cd7ca5b", "trade_id": "0x44520acbe5c3959921a66f3c54f487c4233cc0178374b2fb13e8bba44ab15b45:75513021821518959018695871962495378398360392093707011016143021577642821514214:1774501505", "side": "buy", "price": 0.539999947636337, "size": 3.055554, "outcome": "up", "asset": "75513021821518959018695871962495378398360392093707011016143021577642821514214", "transaction_hash": "0x44520acbe5c3959921a66f3c54f487c4233cc0178374b2fb13e8bba44ab15b45", "source": "polymarket"}
{"timestamp_utc": "2026-03-26T05:05:07Z", "market_key": "SOL5M_2026-03-26T05:10:00Z", "condition_id": "0x86f8127dfc6daea39c3c8b3fd04e34ae91c7c16284b0a20678d070db6cd7ca5b", "trade_id": "0x82247096ac259c301d46b866ffeec9d18cdb69cff64697596351bbcaf99051e7:60888286813205633381706156723557222885324390305369571496173942660264597290768:1774501507", "side": "buy", "price": 0.4699999493002822, "size": 7.297871, "outcome": "down", "asset": "60888286813205633381706156723557222885324390305369571496173942660264597290768", "transaction_hash": "0x82247096ac259c301d46b866ffeec9d18cdb69cff64697596351bbcaf99051e7", "source": "polymarket"}
{"timestamp_utc": "2026-03-26T05:05:07Z", "market_key": "SOL5M_2026-03-26T05:10:00Z", "condition_id": "0x86f8127dfc6daea39c3c8b3fd04e34ae91c7c16284b0a20678d070db6cd7ca5b", "trade_id": "0x905e0a4d33fe21e50e4dcc2640296aae291cee7a1727c709a03768297006ea45:75513021821518959018695871962495378398360392093707011016143021577642821514214:1774501507", "side": "buy", "price": 0.54, "size": 5.55, "outcome": "up", "asset": "75513021821518959018695871962495378398360392093707011016143021577642821514214", "transaction_hash": "0x905e0a4d33fe21e50e4dcc2640296aae291cee7a1727c709a03768297006ea45", "source": "polymarket"}
{"timestamp_utc": "2026-03-26T05:05:07Z", "market_key": "SOL5M_2026-03-26T05:10:00Z", "condition_id": "0x86f8127dfc6daea39c3c8b3fd04e34ae91c7c16284b0a20678d070db6cd7ca5b", "trade_id": "0xe02aa1880e24310050827bbc58cacc857e9d647a8c82e7cc01ed6cc7214f0a54:75513021821518959018695871962495378398360392093707011016143021577642821514214:1774501507", "side": "buy", "price": 0.5399998551219017, "size": 3.037036, "outcome": "up", "asset": "75513021821518959018695871962495378398360392093707011016143021577642821514214", "transaction_hash": "0xe02aa1880e24310050827bbc58cacc857e9d647a8c82e7cc01ed6cc7214f0a54", "source": "polymarket"}
{"timestamp_utc": "2026-03-26T05:05:07Z", "market_key": "SOL5M_2026-03-26T05:10:00Z", "condition_id": "0x86f8127dfc6daea39c3c8b3fd04e34ae91c7c16284b0a20678d070db6cd7ca5b", "trade_id": "0x1253de9c5fefc12759c68acac7260e094f152d0154b53c70f318ce4a26ca8ef6:60888286813205633381706156723557222885324390305369571496173942660264597290768:1774501507", "side": "buy", "price": 0.4814004914004914, "size": 8.14, "outcome": "down", "asset": "60888286813205633381706156723557222885324390305369571496173942660264597290768", "transaction_hash": "0x1253de9c5fefc12759c68acac7260e094f152d0154b53c70f318ce4a26ca8ef6", "source": "polymarket"}
{"timestamp_utc": "2026-03-26T05:05:11Z", "market_key": "SOL5M_2026-03-26T05:10:00Z", "condition_id": "0x86f8127dfc6daea39c3c8b3fd04e34ae91c7c16284b0a20678d070db6cd7ca5b", "trade_id": "0xd05fbb2d8c85fa3d43716cc63f6b7f8c0eb3ac020bc8e0e622fd85e0da48ad98:60888286813205633381706156723557222885324390305369571496173942660264597290768:1774501511", "side": "buy", "price": 0.5, "size": 7.76, "outcome": "down", "asset": "60888286813205633381706156723557222885324390305369571496173942660264597290768", "transaction_hash": "0xd05fbb2d8c85fa3d43716cc63f6b7f8c0eb3ac020bc8e0e622fd85e0da48ad98", "source": "polymarket"}
{"timestamp_utc": "2026-03-26T05:05:11Z", "market_key": "SOL5M_2026-03-26T05:10:00Z", "condition_id": "0x86f8127dfc6daea39c3c8b3fd04e34ae91c7c16284b0a20678d070db6cd7ca5b", "trade_id": "0xee227aca2ca9d304bfed4f1f4adecb3a5604cf526c7527a6fd367be1a5c77ce6:60888286813205633381706156723557222885324390305369571496173942660264597290768:1774501511", "side": "buy", "price": 0.49, "size": 8.82, "outcome": "down", "asset": "60888286813205633381706156723557222885324390305369571496173942660264597290768", "transaction_hash": "0xee227aca2ca9d304bfed4f1f4adecb3a5604cf526c7527a6fd367be1a5c77ce6", "source": "polymarket"}
{"timestamp_utc": "2026-03-26T05:05:13Z", "market_key": "SOL5M_2026-03-26T05:10:00Z", "condition_id": "0x86f8127dfc6daea39c3c8b3fd04e34ae91c7c16284b0a20678d070db6cd7ca5b", "trade_id": "0xbef4075ef3c16a82f5144fb81d156dcdf157ca9d78a808bf6819127a43eae81d:60888286813205633381706156723557222885324390305369571496173942660264597290768:1774501513", "side": "buy", "price": 0.48294623655913976, "size": 9.3, "outcome": "down", "asset": "60888286813205633381706156723557222885324390305369571496173942660264597290768", "transaction_hash": "0xbef4075ef3c16a82f5144fb81d156dcdf157ca9d78a808bf6819127a43eae81d", "source": "polymarket"}
{"timestamp_utc": "2026-03-26T05:05:13Z", "market_key": "SOL5M_2026-03-26T05:10:00Z", "condition_id": "0x86f8127dfc6daea39c3c8b3fd04e34ae91c7c16284b0a20678d070db6cd7ca5b", "trade_id": "0xc9f75c6c392565d93aa8f748b5cf62c6de5a29ffec574d84037101685adc5f15:75513021821518959018695871962495378398360392093707011016143021577642821514214:1774501513", "side": "buy", "price": 0.51, "size": 5.0, "outcome": "up", "asset": "75513021821518959018695871962495378398360392093707011016143021577642821514214", "transaction_hash": "0xc9f75c6c392565d93aa8f748b5cf62c6de5a29ffec574d84037101685adc5f15", "source": "polymarket"}
{"timestamp_utc": "2026-03-26T05:05:15Z", "market_key": "SOL5M_2026-03-26T05:10:00Z", "condition_id": "0x86f8127dfc6daea39c3c8b3fd04e34ae91c7c16284b0a20678d070db6cd7ca5b", "trade_id": "0xec3f0ac09e513c7ab10086891584b6a62673d2a8928a430e660984ea8226f91e:60888286813205633381706156723557222885324390305369571496173942660264597290768:1774501515", "side": "buy", "price": 0.5, "size": 0.24, "outcome": "down", "asset": "60888286813205633381706156723557222885324390305369571496173942660264597290768", "transaction_hash": "0xec3f0ac09e513c7ab10086891584b6a62673d2a8928a430e660984ea8226f91e", "source": "polymarket"}
{"timestamp_utc": "2026-03-26T05:05:15Z", "market_key": "SOL5M_2026-03-26T05:10:00Z", "condition_id": "0x86f8127dfc6daea39c3c8b3fd04e34ae91c7c16284b0a20678d070db6cd7ca5b", "trade_id": "0xd094f2114000d8fdccbc3b31be088a1262d3801a24e4dae27d4e6302341fb2be:75513021821518959018695871962495378398360392093707011016143021577642821514214:1774501515", "side": "sell", "price": 0.44996006389776355, "size": 25.04, "outcome": "up", "asset": "75513021821518959018695871962495378398360392093707011016143021577642821514214", "transaction_hash": "0xd094f2114000d8fdccbc3b31be088a1262d3801a24e4dae27d4e6302341fb2be", "source": "polymarket"}
{"timestamp_utc": "2026-03-26T05:05:15Z", "market_key": "SOL5M_2026-03-26T05:10:00Z", "condition_id": "0x86f8127dfc6daea39c3c8b3fd04e34ae91c7c16284b0a20678d070db6cd7ca5b", "trade_id": "0xc8d01add49c7950f357d1634f3c44b672037cbfd1968f5957a9dc605635c50e6:60888286813205633381706156723557222885324390305369571496173942660264597290768:1774501515", "side": "buy", "price": 0.5399999618181749, "size": 7.333332, "outcome": "down", "asset": "60888286813205633381706156723557222885324390305369571496173942660264597290768", "transaction_hash": "0xc8d01add49c7950f357d1634f3c44b672037cbfd1968f5957a9dc605635c50e6", "source": "polymarket"}
{"timestamp_utc": "2026-03-26T05:05:15Z", "market_key": "SOL5M_2026-03-26T05:10:00Z", "condition_id": "0x86f8127dfc6daea39c3c8b3fd04e34ae91c7c16284b0a20678d070db6cd7ca5b", "trade_id": "0x054d22ef6467280f7b722b3409df0182efb25a19a76357237f058d9d15337ed4:60888286813205633381706156723557222885324390305369571496173942660264597290768:1774501515", "side": "buy", "price": 0.53, "size": 9.25, "outcome": "down", "asset": "60888286813205633381706156723557222885324390305369571496173942660264597290768", "transaction_hash": "0x054d22ef6467280f7b722b3409df0182efb25a19a76357237f058d9d15337ed4", "source": "polymarket"}
{"timestamp_utc": "2026-03-26T05:05:15Z", "market_key": "SOL5M_2026-03-26T05:10:00Z", "condition_id": "0x86f8127dfc6daea39c3c8b3fd04e34ae91c7c16284b0a20678d070db6cd7ca5b", "trade_id": "0xf66eea8ac58b3bdfebe553a432321ab7e60132254447182f925f6c794f217fa0:60888286813205633381706156723557222885324390305369571496173942660264597290768:1774501515", "side": "buy", "price": 0.5, "size": 10.0, "outcome": "down", "asset": "60888286813205633381706156723557222885324390305369571496173942660264597290768", "transaction_hash": "0xf66eea8ac58b3bdfebe553a432321ab7e60132254447182f925f6c794f217fa0", "source": "polymarket"}
{"timestamp_utc": "2026-03-26T05:05:17Z", "market_key": "SOL5M_2026-03-26T05:10:00Z", "condition_id": "0x86f8127dfc6daea39c3c8b3fd04e34ae91c7c16284b0a20678d070db6cd7ca5b", "trade_id": "0x5400dad2ca320e99635526353fbda87355637a0137c85b2af5f29410729ffb59:60888286813205633381706156723557222885324390305369571496173942660264597290768:1774501517", "side": "buy", "price": 0.69, "size": 6.94, "outcome": "down", "asset": "60888286813205633381706156723557222885324390305369571496173942660264597290768", "transaction_hash": "0x5400dad2ca320e99635526353fbda87355637a0137c85b2af5f29410729ffb59", "source": "polymarket"}
{"timestamp_utc": "2026-03-26T05:05:17Z", "market_key": "SOL5M_2026-03-26T05:10:00Z", "condition_id": "0x86f8127dfc6daea39c3c8b3fd04e34ae91c7c16284b0a20678d070db6cd7ca5b", "trade_id": "0x692cd1c42f31776520ca4c8cdfd97841c5c5ed022928c8c04142ad762267d09e:75513021821518959018695871962495378398360392093707011016143021577642821514214:1774501517", "side": "buy", "price": 0.27, "size": 10.0, "outcome": "up", "asset": "75513021821518959018695871962495378398360392093707011016143021577642821514214", "transaction_hash": "0x692cd1c42f31776520ca4c8cdfd97841c5c5ed022928c8c04142ad762267d09e", "source": "polymarket"}
{"timestamp_utc": "2026-03-26T05:05:17Z", "market_key": "SOL5M_2026-03-26T05:10:00Z", "condition_id": "0x86f8127dfc6daea39c3c8b3fd04e34ae91c7c16284b0a20678d070db6cd7ca5b", "trade_id": "0x28749348852f62db0df5cc55cf03247bfc742d0eb296830e781822245ab35f56:60888286813205633381706156723557222885324390305369571496173942660264597290768:1774501517", "side": "buy", "price": 0.7061764705882353, "size": 34.0, "outcome": "down", "asset": "60888286813205633381706156723557222885324390305369571496173942660264597290768", "transaction_hash": "0x28749348852f62db0df5cc55cf03247bfc742d0eb296830e781822245ab35f56", "source": "polymarket"}
{"timestamp_utc": "2026-03-26T05:05:17Z", "market_key": "SOL5M_2026-03-26T05:10:00Z", "condition_id": "0x86f8127dfc6daea39c3c8b3fd04e34ae91c7c16284b0a20678d070db6cd7ca5b", "trade_id": "0x1c56457f6bc2f4173f2b121efd21fbb1baf0a05912b9444f3bc6d10c0a006906:75513021821518959018695871962495378398360392093707011016143021577642821514214:1774501517", "side": "buy", "price": 0.32, "size": 15.0, "outcome": "up", "asset": "75513021821518959018695871962495378398360392093707011016143021577642821514214", "transaction_hash": "0x1c56457f6bc2f4173f2b121efd21fbb1baf0a05912b9444f3bc6d10c0a006906", "source": "polymarket"}
{"timestamp_utc": "2026-03-26T05:05:17Z", "market_key": "SOL5M_2026-03-26T05:10:00Z", "condition_id": "0x86f8127dfc6daea39c3c8b3fd04e34ae91c7c16284b0a20678d070db6cd7ca5b", "trade_id": "0x3795a06d1fcc74ef673ea0e38af68d00768d44aa4d87e6a0f12e84cb63016dc9:60888286813205633381706156723557222885324390305369571496173942660264597290768:1774501517", "side": "buy", "price": 0.69, "size": 61.0, "outcome": "down", "asset": "60888286813205633381706156723557222885324390305369571496173942660264597290768", "transaction_hash": "0x3795a06d1fcc74ef673ea0e38af68d00768d44aa4d87e6a0f12e84cb63016dc9", "source": "polymarket"}
{"timestamp_utc": "2026-03-26T05:05:17Z", "market_key": "SOL5M_2026-03-26T05:10:00Z", "condition_id": "0x86f8127dfc6daea39c3c8b3fd04e34ae91c7c16284b0a20678d070db6cd7ca5b", "trade_id": "0xc936bf452e4add609b504181afa2114130f4db21d53ba3e4c2750bbdd29a06ef:60888286813205633381706156723557222885324390305369571496173942660264597290768:1774501517", "side": "buy", "price": 0.69, "size": 61.0, "outcome": "down", "asset": "60888286813205633381706156723557222885324390305369571496173942660264597290768", "transaction_hash": "0xc936bf452e4add609b504181afa2114130f4db21d53ba3e4c2750bbdd29a06ef", "source": "polymarket"}
{"timestamp_utc": "2026-03-26T05:05:17Z", "market_key": "SOL5M_2026-03-26T05:10:00Z", "condition_id": "0x86f8127dfc6daea39c3c8b3fd04e34ae91c7c16284b0a20678d070db6cd7ca5b", "trade_id": "0x895bb03a7591ad9f95ccfae2ee1ffc464b94fc65d94f95aff62d19f6fb2a5b81:75513021821518959018695871962495378398360392093707011016143021577642821514214:1774501517", "side": "buy", "price": 0.32, "size": 18.0, "outcome": "up", "asset": "75513021821518959018695871962495378398360392093707011016143021577642821514214", "transaction_hash": "0x895bb03a7591ad9f95ccfae2ee1ffc464b94fc65d94f95aff62d19f6fb2a5b81", "source": "polymarket"}
{"timestamp_utc": "2026-03-26T05:05:17Z", "market_key": "SOL5M_2026-03-26T05:10:00Z", "condition_id": "0x86f8127dfc6daea39c3c8b3fd04e34ae91c7c16284b0a20678d070db6cd7ca5b", "trade_id": "0x409e35b8a06ebff1ad9aedc4593be121c354f81669a2e300d2def0af05e0deb8:60888286813205633381706156723557222885324390305369571496173942660264597290768:1774501517", "side": "buy", "price": 0.69, "size": 61.0, "outcome": "down", "asset": "60888286813205633381706156723557222885324390305369571496173942660264597290768", "transaction_hash": "0x409e35b8a06ebff1ad9aedc4593be121c354f81669a2e300d2def0af05e0deb8", "source": "polymarket"}
{"timestamp_utc": "2026-03-26T05:05:17Z", "market_key": "SOL5M_2026-03-26T05:10:00Z", "condition_id": "0x86f8127dfc6daea39c3c8b3fd04e34ae91c7c16284b0a20678d070db6cd7ca5b", "trade_id": "0x2bdd55571d6158e429faf67c517ef5331eaca31f6e9b49002293a491f9064090:75513021821518959018695871962495378398360392093707011016143021577642821514214:1774501517", "side": "buy", "price": 0.32, "size": 3.4375, "outcome": "up", "asset": "75513021821518959018695871962495378398360392093707011016143021577642821514214", "transaction_hash": "0x2bdd55571d6158e429faf67c517ef5331eaca31f6e9b49002293a491f9064090", "source": "polymarket"}
{"timestamp_utc": "2026-03-26T05:05:17Z", "market_key": "SOL5M_2026-03-26T05:10:00Z", "condition_id": "0x86f8127dfc6daea39c3c8b3fd04e34ae91c7c16284b0a20678d070db6cd7ca5b", "trade_id": "0x4894268849ec4ca736d7a53a4e8aca88d7eea909569f3e4794cde29f5ff2f065:60888286813205633381706156723557222885324390305369571496173942660264597290768:1774501517", "side": "buy", "price": 0.6208062418725617, "size": 7.69, "outcome": "down", "asset": "60888286813205633381706156723557222885324390305369571496173942660264597290768", "transaction_hash": "0x4894268849ec4ca736d7a53a4e8aca88d7eea909569f3e4794cde29f5ff2f065", "source": "polymarket"}
{"timestamp_utc": "2026-03-26T05:05:17Z", "market_key": "SOL5M_2026-03-26T05:10:00Z", "condition_id": "0x86f8127dfc6daea39c3c8b3fd04e34ae91c7c16284b0a20678d070db6cd7ca5b", "trade_id": "0xb4fd4c85c4a3253fe90ad83e10e9408126e3800be2ba4e192df7e3b18405801d:60888286813205633381706156723557222885324390305369571496173942660264597290768:1774501517", "side": "buy", "price": 0.62, "size": 7.93, "outcome": "down", "asset": "60888286813205633381706156723557222885324390305369571496173942660264597290768", "transaction_hash": "0xb4fd4c85c4a3253fe90ad83e10e9408126e3800be2ba4e192df7e3b18405801d", "source": "polymarket"}
{"timestamp_utc": "2026-03-26T05:05:17Z", "market_key": "SOL5M_2026-03-26T05:10:00Z", "condition_id": "0x86f8127dfc6daea39c3c8b3fd04e34ae91c7c16284b0a20678d070db6cd7ca5b", "trade_id": "0x6bb28a8036d42aee9735e65619dd3d5d183d79617285a9f05833d84026b664fe:60888286813205633381706156723557222885324390305369571496173942660264597290768:1774501517", "side": "buy", "price": 0.6299999697727211, "size": 6.285713, "outcome": "down", "asset": "60888286813205633381706156723557222885324390305369571496173942660264597290768", "transaction_hash": "0x6bb28a8036d42aee9735e65619dd3d5d183d79617285a9f05833d84026b664fe", "source": "polymarket"}
{"timestamp_utc": "2026-03-26T05:05:17Z", "market_key": "SOL5M_2026-03-26T05:10:00Z", "condition_id": "0x86f8127dfc6daea39c3c8b3fd04e34ae91c7c16284b0a20678d070db6cd7ca5b", "trade_id": "0xa277754e9d70f0f12a92456c0d22c0d6b10aa8b72d75a8a85581e075e0eb49c9:75513021821518959018695871962495378398360392093707011016143021577642821514214:1774501517", "side": "sell", "price": 0.3716891891891892, "size": 29.6, "outcome": "up", "asset": "75513021821518959018695871962495378398360392093707011016143021577642821514214", "transaction_hash": "0xa277754e9d70f0f12a92456c0d22c0d6b10aa8b72d75a8a85581e075e0eb49c9", "source": "polymarket"}
{"timestamp_utc": "2026-03-26T05:05:17Z", "market_key": "SOL5M_2026-03-26T05:10:00Z", "condition_id": "0x86f8127dfc6daea39c3c8b3fd04e34ae91c7c16284b0a20678d070db6cd7ca5b", "trade_id": "0xeee794aabc5f6044a71c10ca399248f212097ee8ad2ec363425294ff96d2f6d4:60888286813205633381706156723557222885324390305369571496173942660264597290768:1774501517", "side": "buy", "price": 0.6, "size": 8.33, "outcome": "down", "asset": "60888286813205633381706156723557222885324390305369571496173942660264597290768", "transaction_hash": "0xeee794aabc5f6044a71c10ca399248f212097ee8ad2ec363425294ff96d2f6d4", "source": "polymarket"}
{"timestamp_utc": "2026-03-26T05:05:19Z", "market_key": "SOL5M_2026-03-26T05:10:00Z", "condition_id": "0x86f8127dfc6daea39c3c8b3fd04e34ae91c7c16284b0a20678d070db6cd7ca5b", "trade_id": "0x677f4b42f6bf453ca09628e2114abd6253dc4a2feb34268e6e954356be29b23d:75513021821518959018695871962495378398360392093707011016143021577642821514214:1774501519", "side": "buy", "price": 0.27, "size": 15.0, "outcome": "up", "asset": "75513021821518959018695871962495378398360392093707011016143021577642821514214", "transaction_hash": "0x677f4b42f6bf453ca09628e2114abd6253dc4a2feb34268e6e954356be29b23d", "source": "polymarket"}
{"timestamp_utc": "2026-03-26T05:05:19Z", "market_key": "SOL5M_2026-03-26T05:10:00Z", "condition_id": "0x86f8127dfc6daea39c3c8b3fd04e34ae91c7c16284b0a20678d070db6cd7ca5b", "trade_id": "0xd88e394e445bc5b9bf029ff242c52a2b86a068d272cf8bb03cb756036bcbcac9:60888286813205633381706156723557222885324390305369571496173942660264597290768:1774501519", "side": "buy", "price": 0.685496513929256, "size": 29.61357, "outcome": "down", "asset": "60888286813205633381706156723557222885324390305369571496173942660264597290768", "transaction_hash": "0xd88e394e445bc5b9bf029ff242c52a2b86a068d272cf8bb03cb756036bcbcac9", "source": "polymarket"}
{"timestamp_utc": "2026-03-26T05:05:19Z", "market_key": "SOL5M_2026-03-26T05:10:00Z", "condition_id": "0x86f8127dfc6daea39c3c8b3fd04e34ae91c7c16284b0a20678d070db6cd7ca5b", "trade_id": "0xc59e309d57cc575bd246bfde6f0c78fb2a23a6aaf96ac8b66dda25db87b684bd:75513021821518959018695871962495378398360392093707011016143021577642821514214:1774501519", "side": "buy", "price": 0.32, "size": 11.06, "outcome": "up", "asset": "75513021821518959018695871962495378398360392093707011016143021577642821514214", "transaction_hash": "0xc59e309d57cc575bd246bfde6f0c78fb2a23a6aaf96ac8b66dda25db87b684bd", "source": "polymarket"}
{"timestamp_utc": "2026-03-26T05:05:19Z", "market_key": "SOL5M_2026-03-26T05:10:00Z", "condition_id": "0x86f8127dfc6daea39c3c8b3fd04e34ae91c7c16284b0a20678d070db6cd7ca5b", "trade_id": "0x481dbce7fd0299ce9da9029395ae1df5c756e802067b720eee2c27b4a80371c2:60888286813205633381706156723557222885324390305369571496173942660264597290768:1774501519", "side": "buy", "price": 0.6899999221804014, "size": 1.927535, "outcome": "down", "asset": "60888286813205633381706156723557222885324390305369571496173942660264597290768", "transaction_hash": "0x481dbce7fd0299ce9da9029395ae1df5c756e802067b720eee2c27b4a80371c2", "source": "polymarket"}
{"timestamp_utc": "2026-03-26T05:05:19Z", "market_key": "SOL5M_2026-03-26T05:10:00Z", "condition_id": "0x86f8127dfc6daea39c3c8b3fd04e34ae91c7c16284b0a20678d070db6cd7ca5b", "trade_id": "0x1f18af46d410227e9a3f39cc9a4940d616702bfc3dc6be5ec319cfc8fe826b65:75513021821518959018695871962495378398360392093707011016143021577642821514214:1774501519", "side": "buy", "price": 0.32, "size": 6.25, "outcome": "up", "asset": "75513021821518959018695871962495378398360392093707011016143021577642821514214", "transaction_hash": "0x1f18af46d410227e9a3f39cc9a4940d616702bfc3dc6be5ec319cfc8fe826b65", "source": "polymarket"}
{"timestamp_utc": "2026-03-26T05:05:19Z", "market_key": "SOL5M_2026-03-26T05:10:00Z", "condition_id": "0x86f8127dfc6daea39c3c8b3fd04e34ae91c7c16284b0a20678d070db6cd7ca5b", "trade_id": "0x28dda576d65c2ccecf32438ae15079149e9cfa58f95d15f394447db58ebb304c:75513021821518959018695871962495378398360392093707011016143021577642821514214:1774501519", "side": "buy", "price": 0.32, "size": 15.0, "outcome": "up", "asset": "75513021821518959018695871962495378398360392093707011016143021577642821514214", "transaction_hash": "0x28dda576d65c2ccecf32438ae15079149e9cfa58f95d15f394447db58ebb304c", "source": "polymarket"}
{"timestamp_utc": "2026-03-26T05:05:19Z", "market_key": "SOL5M_2026-03-26T05:10:00Z", "condition_id": "0x86f8127dfc6daea39c3c8b3fd04e34ae91c7c16284b0a20678d070db6cd7ca5b", "trade_id": "0xe8f8f57fafa25720f9511eefd196c6026096aa1cf13d4ef48382c489f20c5b94:75513021821518959018695871962495378398360392093707011016143021577642821514214:1774501519", "side": "buy", "price": 0.31, "size": 6.52, "outcome": "up", "asset": "75513021821518959018695871962495378398360392093707011016143021577642821514214", "transaction_hash": "0xe8f8f57fafa25720f9511eefd196c6026096aa1cf13d4ef48382c489f20c5b94", "source": "polymarket"}
{"timestamp_utc": "2026-03-26T05:05:19Z", "market_key": "SOL5M_2026-03-26T05:10:00Z", "condition_id": "0x86f8127dfc6daea39c3c8b3fd04e34ae91c7c16284b0a20678d070db6cd7ca5b", "trade_id": "0x591da0cd00bc404f6f61b70abdcc586685e65690dd1b5034b23d88d2302e1752:75513021821518959018695871962495378398360392093707011016143021577642821514214:1774501519", "side": "buy", "price": 0.305, "size": 16.0, "outcome": "up", "asset": "75513021821518959018695871962495378398360392093707011016143021577642821514214", "transaction_hash": "0x591da0cd00bc404f6f61b70abdcc586685e65690dd1b5034b23d88d2302e1752", "source": "polymarket"}
{"timestamp_utc": "2026-03-26T05:05:21Z", "market_key": "SOL5M_2026-03-26T05:10:00Z", "condition_id": "0x86f8127dfc6daea39c3c8b3fd04e34ae91c7c16284b0a20678d070db6cd7ca5b", "trade_id": "0xa14da4618857c33baffd89c8221f4b51138a43f519fadaeb832e5167b8ebdf09:60888286813205633381706156723557222885324390305369571496173942660264597290768:1774501521", "side": "buy", "price": 0.73, "size": 6.84, "outcome": "down", "asset": "60888286813205633381706156723557222885324390305369571496173942660264597290768", "transaction_hash": "0xa14da4618857c33baffd89c8221f4b51138a43f519fadaeb832e5167b8ebdf09", "source": "polymarket"}
{"timestamp_utc": "2026-03-26T05:05:21Z", "market_key": "SOL5M_2026-03-26T05:10:00Z", "condition_id": "0x86f8127dfc6daea39c3c8b3fd04e34ae91c7c16284b0a20678d070db6cd7ca5b", "trade_id": "0x53f3f860f68f8d0f46172842154dc0ca7321e30d02ea446644e839aea669f492:75513021821518959018695871962495378398360392093707011016143021577642821514214:1774501521", "side": "sell", "price": 0.23, "size": 20.91, "outcome": "up", "asset": "75513021821518959018695871962495378398360392093707011016143021577642821514214", "transaction_hash": "0x53f3f860f68f8d0f46172842154dc0ca7321e30d02ea446644e839aea669f492", "source": "polymarket"}
{"timestamp_utc": "2026-03-26T05:05:21Z", "market_key": "SOL5M_2026-03-26T05:10:00Z", "condition_id": "0x86f8127dfc6daea39c3c8b3fd04e34ae91c7c16284b0a20678d070db6cd7ca5b", "trade_id": "0x073a666f8853845ec32a952cb24f04506f8f5aab8af345efccfa0b69d3ddf6e0:60888286813205633381706156723557222885324390305369571496173942660264597290768:1774501521", "side": "buy", "price": 0.74, "size": 6.16, "outcome": "down", "asset": "60888286813205633381706156723557222885324390305369571496173942660264597290768", "transaction_hash": "0x073a666f8853845ec32a952cb24f04506f8f5aab8af345efccfa0b69d3ddf6e0", "source": "polymarket"}
{"timestamp_utc": "2026-03-26T05:05:21Z", "market_key": "SOL5M_2026-03-26T05:10:00Z", "condition_id": "0x86f8127dfc6daea39c3c8b3fd04e34ae91c7c16284b0a20678d070db6cd7ca5b", "trade_id": "0xff764ad0609c63299d78d4f75855a1132efa6dba36ebf9278fde9b70f03411d9:75513021821518959018695871962495378398360392093707011016143021577642821514214:1774501521", "side": "sell", "price": 0.26558, "size": 20.0, "outcome": "up", "asset": "75513021821518959018695871962495378398360392093707011016143021577642821514214", "transaction_hash": "0xff764ad0609c63299d78d4f75855a1132efa6dba36ebf9278fde9b70f03411d9", "source": "polymarket"}
{"timestamp_utc": "2026-03-26T05:05:21Z", "market_key": "SOL5M_2026-03-26T05:10:00Z", "condition_id": "0x86f8127dfc6daea39c3c8b3fd04e34ae91c7c16284b0a20678d070db6cd7ca5b", "trade_id": "0xad96dac1ef8d86f31f1a5dafe8c461ceefec65fedc071962c2c82cd82ae7295d:60888286813205633381706156723557222885324390305369571496173942660264597290768:1774501521", "side": "buy", "price": 0.76, "size": 5.210525, "outcome": "down", "asset": "60888286813205633381706156723557222885324390305369571496173942660264597290768", "transaction_hash": "0xad96dac1ef8d86f31f1a5dafe8c461ceefec65fedc071962c2c82cd82ae7295d", "source": "polymarket"}
{"timestamp_utc": "2026-03-26T05:05:21Z", "market_key": "SOL5M_2026-03-26T05:10:00Z", "condition_id": "0x86f8127dfc6daea39c3c8b3fd04e34ae91c7c16284b0a20678d070db6cd7ca5b", "trade_id": "0xb2bde3280ee99d635c956f4bfab4dd9961bcabac45671dee10b2e5e7d5e5c1bb:60888286813205633381706156723557222885324390305369571496173942660264597290768:1774501521", "side": "buy", "price": 0.7, "size": 7.46, "outcome": "down", "asset": "60888286813205633381706156723557222885324390305369571496173942660264597290768", "transaction_hash": "0xb2bde3280ee99d635c956f4bfab4dd9961bcabac45671dee10b2e5e7d5e5c1bb", "source": "polymarket"}
{"timestamp_utc": "2026-03-26T05:05:21Z", "market_key": "SOL5M_2026-03-26T05:10:00Z", "condition_id": "0x86f8127dfc6daea39c3c8b3fd04e34ae91c7c16284b0a20678d070db6cd7ca5b", "trade_id": "0x39604739d82cba63523fb850b44536ee6576dde39fbf4a172f2fc91ebe63b5aa:75513021821518959018695871962495378398360392093707011016143021577642821514214:1774501521", "side": "buy", "price": 0.32, "size": 5.0, "outcome": "up", "asset": "75513021821518959018695871962495378398360392093707011016143021577642821514214", "transaction_hash": "0x39604739d82cba63523fb850b44536ee6576dde39fbf4a172f2fc91ebe63b5aa", "source": "polymarket"}
{"timestamp_utc": "2026-03-26T05:05:23Z", "market_key": "SOL5M_2026-03-26T05:10:00Z", "condition_id": "0x86f8127dfc6daea39c3c8b3fd04e34ae91c7c16284b0a20678d070db6cd7ca5b", "trade_id": "0x3c690ccf1ad27db955a0928f62d21a94609f7539c47d110370bb9701a2aa0d12:75513021821518959018695871962495378398360392093707011016143021577642821514214:1774501523", "side": "sell", "price": 0.27, "size": 1.0, "outcome": "up", "asset": "75513021821518959018695871962495378398360392093707011016143021577642821514214", "transaction_hash": "0x3c690ccf1ad27db955a0928f62d21a94609f7539c47d110370bb9701a2aa0d12", "source": "polymarket"}
{"timestamp_utc": "2026-03-26T05:05:23Z", "market_key": "SOL5M_2026-03-26T05:10:00Z", "condition_id": "0x86f8127dfc6daea39c3c8b3fd04e34ae91c7c16284b0a20678d070db6cd7ca5b", "trade_id": "0x44c875893086cdc69ba3e59260ccdc56dc51350e5387d5329d9591dab4b85590:60888286813205633381706156723557222885324390305369571496173942660264597290768:1774501523", "side": "buy", "price": 0.73, "size": 5.0, "outcome": "down", "asset": "60888286813205633381706156723557222885324390305369571496173942660264597290768", "transaction_hash": "0x44c875893086cdc69ba3e59260ccdc56dc51350e5387d5329d9591dab4b85590", "source": "polymarket"}
{"timestamp_utc": "2026-03-26T05:05:27Z", "market_key": "SOL5M_2026-03-26T05:10:00Z", "condition_id": "0x86f8127dfc6daea39c3c8b3fd04e34ae91c7c16284b0a20678d070db6cd7ca5b", "trade_id": "0xf355b7279db726a91be54ae71a016d47d9528788d180c36363c4bec37a322fa3:60888286813205633381706156723557222885324390305369571496173942660264597290768:1774501527", "side": "sell", "price": 0.714427577482606, "size": 31.62, "outcome": "down", "asset": "60888286813205633381706156723557222885324390305369571496173942660264597290768", "transaction_hash": "0xf355b7279db726a91be54ae71a016d47d9528788d180c36363c4bec37a322fa3", "source": "polymarket"}
{"timestamp_utc": "2026-03-26T05:05:29Z", "market_key": "SOL5M_2026-03-26T05:10:00Z", "condition_id": "0x86f8127dfc6daea39c3c8b3fd04e34ae91c7c16284b0a20678d070db6cd7ca5b", "trade_id": "0x6a615a68993a3de05d28bb254f342a2942431ed1bf1201ac38a03ce1e7e995a5:60888286813205633381706156723557222885324390305369571496173942660264597290768:1774501529", "side": "buy", "price": 0.7199999152940778, "size": 2.36111, "outcome": "down", "asset": "60888286813205633381706156723557222885324390305369571496173942660264597290768", "transaction_hash": "0x6a615a68993a3de05d28bb254f342a2942431ed1bf1201ac38a03ce1e7e995a5", "source": "polymarket"}
{"timestamp_utc": "2026-03-26T05:05:29Z", "market_key": "SOL5M_2026-03-26T05:10:00Z", "condition_id": "0x86f8127dfc6daea39c3c8b3fd04e34ae91c7c16284b0a20678d070db6cd7ca5b", "trade_id": "0x84ff42980649f2b31ff9f9dc407bf5ac64ad2e7e8b8a354a912fa7a970cd4b26:60888286813205633381706156723557222885324390305369571496173942660264597290768:1774501529", "side": "buy", "price": 0.73, "size": 13.0, "outcome": "down", "asset": "60888286813205633381706156723557222885324390305369571496173942660264597290768", "transaction_hash": "0x84ff42980649f2b31ff9f9dc407bf5ac64ad2e7e8b8a354a912fa7a970cd4b26", "source": "polymarket"}
{"timestamp_utc": "2026-03-26T05:05:29Z", "market_key": "SOL5M_2026-03-26T05:10:00Z", "condition_id": "0x86f8127dfc6daea39c3c8b3fd04e34ae91c7c16284b0a20678d070db6cd7ca5b", "trade_id": "0x631dd6e9fb75324b43621bf2a6da0d2c72d5b2b35ee37c975c13aa01a82ab404:75513021821518959018695871962495378398360392093707011016143021577642821514214:1774501529", "side": "sell", "price": 0.28, "size": 4.94, "outcome": "up", "asset": "75513021821518959018695871962495378398360392093707011016143021577642821514214", "transaction_hash": "0x631dd6e9fb75324b43621bf2a6da0d2c72d5b2b35ee37c975c13aa01a82ab404", "source": "polymarket"}
{"timestamp_utc": "2026-03-26T05:05:31Z", "market_key": "SOL5M_2026-03-26T05:10:00Z", "condition_id": "0x86f8127dfc6daea39c3c8b3fd04e34ae91c7c16284b0a20678d070db6cd7ca5b", "trade_id": "0xa4268a355b9921ff4d835c57492b25a15453aa12f3913fe0b05f6f1488f34f39:60888286813205633381706156723557222885324390305369571496173942660264597290768:1774501531", "side": "buy", "price": 0.7199999870270214, "size": 6.166664, "outcome": "down", "asset": "60888286813205633381706156723557222885324390305369571496173942660264597290768", "transaction_hash": "0xa4268a355b9921ff4d835c57492b25a15453aa12f3913fe0b05f6f1488f34f39", "source": "polymarket"}
{"timestamp_utc": "2026-03-26T05:05:33Z", "market_key": "SOL5M_2026-03-26T05:10:00Z", "condition_id": "0x86f8127dfc6daea39c3c8b3fd04e34ae91c7c16284b0a20678d070db6cd7ca5b", "trade_id": "0xf9cab0b48bd5fd02132602d9aa637cebab53e81c85eef0e265d0a3cff937e4b1:60888286813205633381706156723557222885324390305369571496173942660264597290768:1774501533", "side": "buy", "price": 0.72, "size": 7.83, "outcome": "down", "asset": "60888286813205633381706156723557222885324390305369571496173942660264597290768", "transaction_hash": "0xf9cab0b48bd5fd02132602d9aa637cebab53e81c85eef0e265d0a3cff937e4b1", "source": "polymarket"}
{"timestamp_utc": "2026-03-26T05:05:35Z", "market_key": "SOL5M_2026-03-26T05:10:00Z", "condition_id": "0x86f8127dfc6daea39c3c8b3fd04e34ae91c7c16284b0a20678d070db6cd7ca5b", "trade_id": "0x2f2e73bfa8dfec9bdb0596d96ba1a92024d7fcd744992838e2f8f772052a8ba2:75513021821518959018695871962495378398360392093707011016143021577642821514214:1774501535", "side": "sell", "price": 0.27, "size": 0.8, "outcome": "up", "asset": "75513021821518959018695871962495378398360392093707011016143021577642821514214", "transaction_hash": "0x2f2e73bfa8dfec9bdb0596d96ba1a92024d7fcd744992838e2f8f772052a8ba2", "source": "polymarket"}
{"timestamp_utc": "2026-03-26T05:05:35Z", "market_key": "SOL5M_2026-03-26T05:10:00Z", "condition_id": "0x86f8127dfc6daea39c3c8b3fd04e34ae91c7c16284b0a20678d070db6cd7ca5b", "trade_id": "0x866c1721f250869ce269ea91130fdd85346d3ec5978d874e0c291eb187dee42d:60888286813205633381706156723557222885324390305369571496173942660264597290768:1774501535", "side": "buy", "price": 0.73, "size": 6.0, "outcome": "down", "asset": "60888286813205633381706156723557222885324390305369571496173942660264597290768", "transaction_hash": "0x866c1721f250869ce269ea91130fdd85346d3ec5978d874e0c291eb187dee42d", "source": "polymarket"}
{"timestamp_utc": "2026-03-26T05:05:37Z", "market_key": "SOL5M_2026-03-26T05:10:00Z", "condition_id": "0x86f8127dfc6daea39c3c8b3fd04e34ae91c7c16284b0a20678d070db6cd7ca5b", "trade_id": "0xcb78aff2de2a944f4396389f82855f2cede93aafb581851025f992a505308980:75513021821518959018695871962495378398360392093707011016143021577642821514214:1774501537", "side": "buy", "price": 0.28, "size": 5.5, "outcome": "up", "asset": "75513021821518959018695871962495378398360392093707011016143021577642821514214", "transaction_hash": "0xcb78aff2de2a944f4396389f82855f2cede93aafb581851025f992a505308980", "source": "polymarket"}
{"timestamp_utc": "2026-03-26T05:05:37Z", "market_key": "SOL5M_2026-03-26T05:10:00Z", "condition_id": "0x86f8127dfc6daea39c3c8b3fd04e34ae91c7c16284b0a20678d070db6cd7ca5b", "trade_id": "0x6f3c411545aed06ef3d6157025d6ce55ac76ef5414f2fc1f83751d357b5c5141:60888286813205633381706156723557222885324390305369571496173942660264597290768:1774501537", "side": "buy", "price": 0.7316988753202646, "size": 54.667296, "outcome": "down", "asset": "60888286813205633381706156723557222885324390305369571496173942660264597290768", "transaction_hash": "0x6f3c411545aed06ef3d6157025d6ce55ac76ef5414f2fc1f83751d357b5c5141", "source": "polymarket"}
{"timestamp_utc": "2026-03-26T05:05:37Z", "market_key": "SOL5M_2026-03-26T05:10:00Z", "condition_id": "0x86f8127dfc6daea39c3c8b3fd04e34ae91c7c16284b0a20678d070db6cd7ca5b", "trade_id": "0x722289283f647618319622fb0942fb070fb3a67738a20eede5a0a508fbd431b6:75513021821518959018695871962495378398360392093707011016143021577642821514214:1774501537", "side": "buy", "price": 0.28, "size": 5.5, "outcome": "up", "asset": "75513021821518959018695871962495378398360392093707011016143021577642821514214", "transaction_hash": "0x722289283f647618319622fb0942fb070fb3a67738a20eede5a0a508fbd431b6", "source": "polymarket"}
{"timestamp_utc": "2026-03-26T05:05:39Z", "market_key": "SOL5M_2026-03-26T05:10:00Z", "condition_id": "0x86f8127dfc6daea39c3c8b3fd04e34ae91c7c16284b0a20678d070db6cd7ca5b", "trade_id": "0x26b3e958720dec3dd0e18090a2c97345bbb3078c3e9a4e85bd4acb1c9b37bbdb:60888286813205633381706156723557222885324390305369571496173942660264597290768:1774501539", "side": "buy", "price": 0.73, "size": 1.9726, "outcome": "down", "asset": "60888286813205633381706156723557222885324390305369571496173942660264597290768", "transaction_hash": "0x26b3e958720dec3dd0e18090a2c97345bbb3078c3e9a4e85bd4acb1c9b37bbdb", "source": "polymarket"}
{"timestamp_utc": "2026-03-26T05:05:41Z", "market_key": "SOL5M_2026-03-26T05:10:00Z", "condition_id": "0x86f8127dfc6daea39c3c8b3fd04e34ae91c7c16284b0a20678d070db6cd7ca5b", "trade_id": "0x18a6defd7c1768833824aa5910933758f65a95359ecafc5c7b6cdbcfa44ca308:60888286813205633381706156723557222885324390305369571496173942660264597290768:1774501541", "side": "buy", "price": 0.8, "size": 3.7125, "outcome": "down", "asset": "60888286813205633381706156723557222885324390305369571496173942660264597290768", "transaction_hash": "0x18a6defd7c1768833824aa5910933758f65a95359ecafc5c7b6cdbcfa44ca308", "source": "polymarket"}
{"timestamp_utc": "2026-03-26T05:05:41Z", "market_key": "SOL5M_2026-03-26T05:10:00Z", "condition_id": "0x86f8127dfc6daea39c3c8b3fd04e34ae91c7c16284b0a20678d070db6cd7ca5b", "trade_id": "0x88e0311dba7b6a8193fa01d4b6a48aa131f8427717acff33b1e8703a2df57eea:75513021821518959018695871962495378398360392093707011016143021577642821514214:1774501541", "side": "sell", "price": 0.20665642601126472, "size": 19.53, "outcome": "up", "asset": "75513021821518959018695871962495378398360392093707011016143021577642821514214", "transaction_hash": "0x88e0311dba7b6a8193fa01d4b6a48aa131f8427717acff33b1e8703a2df57eea", "source": "polymarket"}
{"timestamp_utc": "2026-03-26T05:05:43Z", "market_key": "SOL5M_2026-03-26T05:10:00Z", "condition_id": "0x86f8127dfc6daea39c3c8b3fd04e34ae91c7c16284b0a20678d070db6cd7ca5b", "trade_id": "0x71fc6811baeb415816b093816ce22ebe5823b3facb4dd7cc95880b253e57483e:60888286813205633381706156723557222885324390305369571496173942660264597290768:1774501543", "side": "buy", "price": 0.81, "size": 5.0, "outcome": "down", "asset": "60888286813205633381706156723557222885324390305369571496173942660264597290768", "transaction_hash": "0x71fc6811baeb415816b093816ce22ebe5823b3facb4dd7cc95880b253e57483e", "source": "polymarket"}
{"timestamp_utc": "2026-03-26T05:05:43Z", "market_key": "SOL5M_2026-03-26T05:10:00Z", "condition_id": "0x86f8127dfc6daea39c3c8b3fd04e34ae91c7c16284b0a20678d070db6cd7ca5b", "trade_id": "0x0f76dcd95433f27fef4993d1e585e18234447d0704adbee7c879ca2e5c00e219:60888286813205633381706156723557222885324390305369571496173942660264597290768:1774501543", "side": "buy", "price": 0.8, "size": 8.67, "outcome": "down", "asset": "60888286813205633381706156723557222885324390305369571496173942660264597290768", "transaction_hash": "0x0f76dcd95433f27fef4993d1e585e18234447d0704adbee7c879ca2e5c00e219", "source": "polymarket"}
{"timestamp_utc": "2026-03-26T05:05:43Z", "market_key": "SOL5M_2026-03-26T05:10:00Z", "condition_id": "0x86f8127dfc6daea39c3c8b3fd04e34ae91c7c16284b0a20678d070db6cd7ca5b", "trade_id": "0x23b831abb87c5b1f29e35de51855e61bff7c2f20a91c55333e73a90d02450996:60888286813205633381706156723557222885324390305369571496173942660264597290768:1774501543", "side": "buy", "price": 0.8, "size": 4.2, "outcome": "down", "asset": "60888286813205633381706156723557222885324390305369571496173942660264597290768", "transaction_hash": "0x23b831abb87c5b1f29e35de51855e61bff7c2f20a91c55333e73a90d02450996", "source": "polymarket"}
{"timestamp_utc": "2026-03-26T05:05:43Z", "market_key": "SOL5M_2026-03-26T05:10:00Z", "condition_id": "0x86f8127dfc6daea39c3c8b3fd04e34ae91c7c16284b0a20678d070db6cd7ca5b", "trade_id": "0x7e4a9c89773570aace5190f87a39b46556b12d077be7668fe90b01daf258a47e:75513021821518959018695871962495378398360392093707011016143021577642821514214:1774501543", "side": "buy", "price": 0.21, "size": 2.0, "outcome": "up", "asset": "75513021821518959018695871962495378398360392093707011016143021577642821514214", "transaction_hash": "0x7e4a9c89773570aace5190f87a39b46556b12d077be7668fe90b01daf258a47e", "source": "polymarket"}
{"timestamp_utc": "2026-03-26T05:05:43Z", "market_key": "SOL5M_2026-03-26T05:10:00Z", "condition_id": "0x86f8127dfc6daea39c3c8b3fd04e34ae91c7c16284b0a20678d070db6cd7ca5b", "trade_id": "0x57b68c8504c19f5d945531db2d2310ab2d9d0e85a92f9f3eb34cc844de095c5f:60888286813205633381706156723557222885324390305369571496173942660264597290768:1774501543", "side": "buy", "price": 0.8, "size": 1.875, "outcome": "down", "asset": "60888286813205633381706156723557222885324390305369571496173942660264597290768", "transaction_hash": "0x57b68c8504c19f5d945531db2d2310ab2d9d0e85a92f9f3eb34cc844de095c5f", "source": "polymarket"}
{"timestamp_utc": "2026-03-26T05:05:45Z", "market_key": "SOL5M_2026-03-26T05:10:00Z", "condition_id": "0x86f8127dfc6daea39c3c8b3fd04e34ae91c7c16284b0a20678d070db6cd7ca5b", "trade_id": "0x736fa134aa204cdfa832bcf9f14faa4e4f3f44a6fe02d319c57334020195e8ee:75513021821518959018695871962495378398360392093707011016143021577642821514214:1774501545", "side": "sell", "price": 0.18, "size": 2.0, "outcome": "up", "asset": "75513021821518959018695871962495378398360392093707011016143021577642821514214", "transaction_hash": "0x736fa134aa204cdfa832bcf9f14faa4e4f3f44a6fe02d319c57334020195e8ee", "source": "polymarket"}
{"timestamp_utc": "2026-03-26T05:05:47Z", "market_key": "SOL5M_2026-03-26T05:10:00Z", "condition_id": "0x86f8127dfc6daea39c3c8b3fd04e34ae91c7c16284b0a20678d070db6cd7ca5b", "trade_id": "0x2be2161dbbe6a376c01b969605c15c79753a230004e9d9d1f8b98cd6201f0c61:60888286813205633381706156723557222885324390305369571496173942660264597290768:1774501547", "side": "buy", "price": 0.86, "size": 12.39, "outcome": "down", "asset": "60888286813205633381706156723557222885324390305369571496173942660264597290768", "transaction_hash": "0x2be2161dbbe6a376c01b969605c15c79753a230004e9d9d1f8b98cd6201f0c61", "source": "polymarket"}
{"timestamp_utc": "2026-03-26T05:05:47Z", "market_key": "SOL5M_2026-03-26T05:10:00Z", "condition_id": "0x86f8127dfc6daea39c3c8b3fd04e34ae91c7c16284b0a20678d070db6cd7ca5b", "trade_id": "0xfdbc66eac9599803103f5fb3a058d181bfbf2dec1005cd7c4673fb38a1d9c2a5:60888286813205633381706156723557222885324390305369571496173942660264597290768:1774501547", "side": "buy", "price": 0.82, "size": 2.45, "outcome": "down", "asset": "60888286813205633381706156723557222885324390305369571496173942660264597290768", "transaction_hash": "0xfdbc66eac9599803103f5fb3a058d181bfbf2dec1005cd7c4673fb38a1d9c2a5", "source": "polymarket"}
{"timestamp_utc": "2026-03-26T05:05:47Z", "market_key": "SOL5M_2026-03-26T05:10:00Z", "condition_id": "0x86f8127dfc6daea39c3c8b3fd04e34ae91c7c16284b0a20678d070db6cd7ca5b", "trade_id": "0xa1825349bdda6af78d6cce1922a8f5e61a90f3ea611f0a9c9b8ed627608f0394:60888286813205633381706156723557222885324390305369571496173942660264597290768:1774501547", "side": "buy", "price": 0.86, "size": 6.2093, "outcome": "down", "asset": "60888286813205633381706156723557222885324390305369571496173942660264597290768", "transaction_hash": "0xa1825349bdda6af78d6cce1922a8f5e61a90f3ea611f0a9c9b8ed627608f0394", "source": "polymarket"}
{"timestamp_utc": "2026-03-26T05:05:47Z", "market_key": "SOL5M_2026-03-26T05:10:00Z", "condition_id": "0x86f8127dfc6daea39c3c8b3fd04e34ae91c7c16284b0a20678d070db6cd7ca5b", "trade_id": "0x8d944101084a7f1f12000bc4cb22537623ad15a2b8f636d930c6bdfe864a2802:60888286813205633381706156723557222885324390305369571496173942660264597290768:1774501547", "side": "buy", "price": 0.86, "size": 32.0, "outcome": "down", "asset": "60888286813205633381706156723557222885324390305369571496173942660264597290768", "transaction_hash": "0x8d944101084a7f1f12000bc4cb22537623ad15a2b8f636d930c6bdfe864a2802", "source": "polymarket"}
{"timestamp_utc": "2026-03-26T05:05:47Z", "market_key": "SOL5M_2026-03-26T05:10:00Z", "condition_id": "0x86f8127dfc6daea39c3c8b3fd04e34ae91c7c16284b0a20678d070db6cd7ca5b", "trade_id": "0x36d710af72d1796c8bb2c134cc082757426187a687566ec31ba5c460857616a7:60888286813205633381706156723557222885324390305369571496173942660264597290768:1774501547", "side": "buy", "price": 0.83, "size": 32.0, "outcome": "down", "asset": "60888286813205633381706156723557222885324390305369571496173942660264597290768", "transaction_hash": "0x36d710af72d1796c8bb2c134cc082757426187a687566ec31ba5c460857616a7", "source": "polymarket"}
{"timestamp_utc": "2026-03-26T05:05:47Z", "market_key": "SOL5M_2026-03-26T05:10:00Z", "condition_id": "0x86f8127dfc6daea39c3c8b3fd04e34ae91c7c16284b0a20678d070db6cd7ca5b", "trade_id": "0x6a4af543b9d7f14b80bef63a8b5ed196f9709896edaff805862cad407c46e9c8:75513021821518959018695871962495378398360392093707011016143021577642821514214:1774501547", "side": "sell", "price": 0.17, "size": 17.76, "outcome": "up", "asset": "75513021821518959018695871962495378398360392093707011016143021577642821514214", "transaction_hash": "0x6a4af543b9d7f14b80bef63a8b5ed196f9709896edaff805862cad407c46e9c8", "source": "polymarket"}
{"timestamp_utc": "2026-03-26T05:05:47Z", "market_key": "SOL5M_2026-03-26T05:10:00Z", "condition_id": "0x86f8127dfc6daea39c3c8b3fd04e34ae91c7c16284b0a20678d070db6cd7ca5b", "trade_id": "0x3f7b18b0970eaad3832b7cd0bc805dd4a648b00070f299a3ee0e7c92d1874260:60888286813205633381706156723557222885324390305369571496173942660264597290768:1774501547", "side": "buy", "price": 0.83, "size": 18.0, "outcome": "down", "asset": "60888286813205633381706156723557222885324390305369571496173942660264597290768", "transaction_hash": "0x3f7b18b0970eaad3832b7cd0bc805dd4a648b00070f299a3ee0e7c92d1874260", "source": "polymarket"}
{"timestamp_utc": "2026-03-26T05:05:47Z", "market_key": "SOL5M_2026-03-26T05:10:00Z", "condition_id": "0x86f8127dfc6daea39c3c8b3fd04e34ae91c7c16284b0a20678d070db6cd7ca5b", "trade_id": "0x89bc61e0403a22f50105c5d8f0dbba218580eaf3b13db2c8a1ccb8f209dda9ce:60888286813205633381706156723557222885324390305369571496173942660264597290768:1774501547", "side": "buy", "price": 0.83, "size": 7.06, "outcome": "down", "asset": "60888286813205633381706156723557222885324390305369571496173942660264597290768", "transaction_hash": "0x89bc61e0403a22f50105c5d8f0dbba218580eaf3b13db2c8a1ccb8f209dda9ce", "source": "polymarket"}
{"timestamp_utc": "2026-03-26T05:05:49Z", "market_key": "SOL5M_2026-03-26T05:10:00Z", "condition_id": "0x86f8127dfc6daea39c3c8b3fd04e34ae91c7c16284b0a20678d070db6cd7ca5b", "trade_id": "0xd73eada9675a24fd061a6a28929443e85dadbbd1c6a6b0f60ab6506e8fbf1dc4:60888286813205633381706156723557222885324390305369571496173942660264597290768:1774501549", "side": "buy", "price": 0.8899999946599995, "size": 11.235954, "outcome": "down", "asset": "60888286813205633381706156723557222885324390305369571496173942660264597290768", "transaction_hash": "0xd73eada9675a24fd061a6a28929443e85dadbbd1c6a6b0f60ab6506e8fbf1dc4", "source": "polymarket"}
{"timestamp_utc": "2026-03-26T05:05:49Z", "market_key": "SOL5M_2026-03-26T05:10:00Z", "condition_id": "0x86f8127dfc6daea39c3c8b3fd04e34ae91c7c16284b0a20678d070db6cd7ca5b", "trade_id": "0xca5a23ea2559f4b23fe387bec347799fc3c9b8175a80f979c3ca1002a197ea11:60888286813205633381706156723557222885324390305369571496173942660264597290768:1774501549", "side": "buy", "price": 0.895283933148509, "size": 66.34766, "outcome": "down", "asset": "60888286813205633381706156723557222885324390305369571496173942660264597290768", "transaction_hash": "0xca5a23ea2559f4b23fe387bec347799fc3c9b8175a80f979c3ca1002a197ea11", "source": "polymarket"}
{"timestamp_utc": "2026-03-26T05:05:49Z", "market_key": "SOL5M_2026-03-26T05:10:00Z", "condition_id": "0x86f8127dfc6daea39c3c8b3fd04e34ae91c7c16284b0a20678d070db6cd7ca5b", "trade_id": "0x4d10b657a622e51ed4dca13550e6bfe26e801dda07f9661b04ffaf42be7393b6:60888286813205633381706156723557222885324390305369571496173942660264597290768:1774501549", "side": "buy", "price": 0.8899999995253332, "size": 21.067409, "outcome": "down", "asset": "60888286813205633381706156723557222885324390305369571496173942660264597290768", "transaction_hash": "0x4d10b657a622e51ed4dca13550e6bfe26e801dda07f9661b04ffaf42be7393b6", "source": "polymarket"}
{"timestamp_utc": "2026-03-26T05:05:49Z", "market_key": "SOL5M_2026-03-26T05:10:00Z", "condition_id": "0x86f8127dfc6daea39c3c8b3fd04e34ae91c7c16284b0a20678d070db6cd7ca5b", "trade_id": "0x3e481c996c401ca786e3139a1cdfc72e9ba488b7ad1c7dcc35f00fa2e34ae755:60888286813205633381706156723557222885324390305369571496173942660264597290768:1774501549", "side": "buy", "price": 0.88, "size": 14.9, "outcome": "down", "asset": "60888286813205633381706156723557222885324390305369571496173942660264597290768", "transaction_hash": "0x3e481c996c401ca786e3139a1cdfc72e9ba488b7ad1c7dcc35f00fa2e34ae755", "source": "polymarket"}
{"timestamp_utc": "2026-03-26T05:05:49Z", "market_key": "SOL5M_2026-03-26T05:10:00Z", "condition_id": "0x86f8127dfc6daea39c3c8b3fd04e34ae91c7c16284b0a20678d070db6cd7ca5b", "trade_id": "0x2931e607f7b1f41b85a5e0f614cfaf8a69997fb8cd902076c4540d745e2235be:60888286813205633381706156723557222885324390305369571496173942660264597290768:1774501549", "side": "buy", "price": 0.8799999963748687, "size": 11.034083, "outcome": "down", "asset": "60888286813205633381706156723557222885324390305369571496173942660264597290768", "transaction_hash": "0x2931e607f7b1f41b85a5e0f614cfaf8a69997fb8cd902076c4540d745e2235be", "source": "polymarket"}
{"timestamp_utc": "2026-03-26T05:05:51Z", "market_key": "SOL5M_2026-03-26T05:10:00Z", "condition_id": "0x86f8127dfc6daea39c3c8b3fd04e34ae91c7c16284b0a20678d070db6cd7ca5b", "trade_id": "0x0ba8ad5a6fa27ed1f9ae36eaeaffd1ba7898de9cf5bb84cf00851343ea08c10b:60888286813205633381706156723557222885324390305369571496173942660264597290768:1774501551", "side": "buy", "price": 0.9, "size": 5.0, "outcome": "down", "asset": "60888286813205633381706156723557222885324390305369571496173942660264597290768", "transaction_hash": "0x0ba8ad5a6fa27ed1f9ae36eaeaffd1ba7898de9cf5bb84cf00851343ea08c10b", "source": "polymarket"}
{"timestamp_utc": "2026-03-26T05:05:51Z", "market_key": "SOL5M_2026-03-26T05:10:00Z", "condition_id": "0x86f8127dfc6daea39c3c8b3fd04e34ae91c7c16284b0a20678d070db6cd7ca5b", "trade_id": "0xffaa3a3fdb863281dc5a3faa1d16b1412bd95d1a92b1a41a8e27a8d898874114:75513021821518959018695871962495378398360392093707011016143021577642821514214:1774501551", "side": "buy", "price": 0.11, "size": 10.5, "outcome": "up", "asset": "75513021821518959018695871962495378398360392093707011016143021577642821514214", "transaction_hash": "0xffaa3a3fdb863281dc5a3faa1d16b1412bd95d1a92b1a41a8e27a8d898874114", "source": "polymarket"}
{"timestamp_utc": "2026-03-26T05:05:53Z", "market_key": "SOL5M_2026-03-26T05:10:00Z", "condition_id": "0x86f8127dfc6daea39c3c8b3fd04e34ae91c7c16284b0a20678d070db6cd7ca5b", "trade_id": "0x1cf45118e073f9c6511710fe29af4431862848bb4eb090f2d49c5a0708882944:75513021821518959018695871962495378398360392093707011016143021577642821514214:1774501553", "side": "sell", "price": 0.08, "size": 4.14, "outcome": "up", "asset": "75513021821518959018695871962495378398360392093707011016143021577642821514214", "transaction_hash": "0x1cf45118e073f9c6511710fe29af4431862848bb4eb090f2d49c5a0708882944", "source": "polymarket"}
{"timestamp_utc": "2026-03-26T05:05:53Z", "market_key": "SOL5M_2026-03-26T05:10:00Z", "condition_id": "0x86f8127dfc6daea39c3c8b3fd04e34ae91c7c16284b0a20678d070db6cd7ca5b", "trade_id": "0xbbc68a331f34507e71a8a6c93a37a0770c767b8dbc69c47cd5dc0415c69e5a39:75513021821518959018695871962495378398360392093707011016143021577642821514214:1774501553", "side": "sell", "price": 0.05, "size": 1.68, "outcome": "up", "asset": "75513021821518959018695871962495378398360392093707011016143021577642821514214", "transaction_hash": "0xbbc68a331f34507e71a8a6c93a37a0770c767b8dbc69c47cd5dc0415c69e5a39", "source": "polymarket"}
{"timestamp_utc": "2026-03-26T05:05:53Z", "market_key": "SOL5M_2026-03-26T05:10:00Z", "condition_id": "0x86f8127dfc6daea39c3c8b3fd04e34ae91c7c16284b0a20678d070db6cd7ca5b", "trade_id": "0xeb5408446a64f328f4510b352d8cca6db046e8b9c13f722648f49fee9a07f644:60888286813205633381706156723557222885324390305369571496173942660264597290768:1774501553", "side": "buy", "price": 0.94, "size": 7.04255, "outcome": "down", "asset": "60888286813205633381706156723557222885324390305369571496173942660264597290768", "transaction_hash": "0xeb5408446a64f328f4510b352d8cca6db046e8b9c13f722648f49fee9a07f644", "source": "polymarket"}
{"timestamp_utc": "2026-03-26T05:05:53Z", "market_key": "SOL5M_2026-03-26T05:10:00Z", "condition_id": "0x86f8127dfc6daea39c3c8b3fd04e34ae91c7c16284b0a20678d070db6cd7ca5b", "trade_id": "0x808339f5b5fb5d1114b5614c12e3294ec3afb4f6ee82c552ed7aacecd328d905:60888286813205633381706156723557222885324390305369571496173942660264597290768:1774501553", "side": "buy", "price": 0.9346054566605857, "size": 106.997016, "outcome": "down", "asset": "60888286813205633381706156723557222885324390305369571496173942660264597290768", "transaction_hash": "0x808339f5b5fb5d1114b5614c12e3294ec3afb4f6ee82c552ed7aacecd328d905", "source": "polymarket"}
{"timestamp_utc": "2026-03-26T05:05:57Z", "market_key": "SOL5M_2026-03-26T05:10:00Z", "condition_id": "0x86f8127dfc6daea39c3c8b3fd04e34ae91c7c16284b0a20678d070db6cd7ca5b", "trade_id": "0x62c9a81d50c68a2a69066e4c26bf174e7df8243a8dc78e3de0c4c95514eafc61:60888286813205633381706156723557222885324390305369571496173942660264597290768:1774501557", "side": "buy", "price": 0.93, "size": 5.0, "outcome": "down", "asset": "60888286813205633381706156723557222885324390305369571496173942660264597290768", "transaction_hash": "0x62c9a81d50c68a2a69066e4c26bf174e7df8243a8dc78e3de0c4c95514eafc61", "source": "polymarket"}
{"timestamp_utc": "2026-03-26T05:05:57Z", "market_key": "SOL5M_2026-03-26T05:10:00Z", "condition_id": "0x86f8127dfc6daea39c3c8b3fd04e34ae91c7c16284b0a20678d070db6cd7ca5b", "trade_id": "0xdc25a9299f758f1c060fc4a7491e423da4428a60a0c7c111839bb5f2d2a5aece:75513021821518959018695871962495378398360392093707011016143021577642821514214:1774501557", "side": "buy", "price": 0.08, "size": 13.0, "outcome": "up", "asset": "75513021821518959018695871962495378398360392093707011016143021577642821514214", "transaction_hash": "0xdc25a9299f758f1c060fc4a7491e423da4428a60a0c7c111839bb5f2d2a5aece", "source": "polymarket"}
{"timestamp_utc": "2026-03-26T05:05:57Z", "market_key": "SOL5M_2026-03-26T05:10:00Z", "condition_id": "0x86f8127dfc6daea39c3c8b3fd04e34ae91c7c16284b0a20678d070db6cd7ca5b", "trade_id": "0xe7eb2a46240f4d9a2d8dd2374eaf19e484de3766024f834de9dce3f1e9f32d55:75513021821518959018695871962495378398360392093707011016143021577642821514214:1774501557", "side": "sell", "price": 0.05, "size": 0.64, "outcome": "up", "asset": "75513021821518959018695871962495378398360392093707011016143021577642821514214", "transaction_hash": "0xe7eb2a46240f4d9a2d8dd2374eaf19e484de3766024f834de9dce3f1e9f32d55", "source": "polymarket"}
{"timestamp_utc": "2026-03-26T05:05:57Z", "market_key": "SOL5M_2026-03-26T05:10:00Z", "condition_id": "0x86f8127dfc6daea39c3c8b3fd04e34ae91c7c16284b0a20678d070db6cd7ca5b", "trade_id": "0x1399f575250372f7ca71d227aac2c1012eb41fd696513c4e876b300aadd2d76c:60888286813205633381706156723557222885324390305369571496173942660264597290768:1774501557", "side": "sell", "price": 0.92, "size": 1.72, "outcome": "down", "asset": "60888286813205633381706156723557222885324390305369571496173942660264597290768", "transaction_hash": "0x1399f575250372f7ca71d227aac2c1012eb41fd696513c4e876b300aadd2d76c", "source": "polymarket"}
{"timestamp_utc": "2026-03-26T05:06:01Z", "market_key": "SOL5M_2026-03-26T05:10:00Z", "condition_id": "0x86f8127dfc6daea39c3c8b3fd04e34ae91c7c16284b0a20678d070db6cd7ca5b", "trade_id": "0x29f638921022a2f03bd51fa1251907228fd9702ba42a461df45edfac6ed0d396:75513021821518959018695871962495378398360392093707011016143021577642821514214:1774501561", "side": "buy", "price": 0.08, "size": 4.28, "outcome": "up", "asset": "75513021821518959018695871962495378398360392093707011016143021577642821514214", "transaction_hash": "0x29f638921022a2f03bd51fa1251907228fd9702ba42a461df45edfac6ed0d396", "source": "polymarket"}
{"timestamp_utc": "2026-03-26T05:06:03Z", "market_key": "SOL5M_2026-03-26T05:10:00Z", "condition_id": "0x86f8127dfc6daea39c3c8b3fd04e34ae91c7c16284b0a20678d070db6cd7ca5b", "trade_id": "0xae70664530f2360d42838e25633c9181d526859b89c1e3e46eca59e3c149737b:60888286813205633381706156723557222885324390305369571496173942660264597290768:1774501563", "side": "buy", "price": 0.9099999843440796, "size": 5.109888, "outcome": "down", "asset": "60888286813205633381706156723557222885324390305369571496173942660264597290768", "transaction_hash": "0xae70664530f2360d42838e25633c9181d526859b89c1e3e46eca59e3c149737b", "source": "polymarket"}
{"timestamp_utc": "2026-03-26T05:06:03Z", "market_key": "SOL5M_2026-03-26T05:10:00Z", "condition_id": "0x86f8127dfc6daea39c3c8b3fd04e34ae91c7c16284b0a20678d070db6cd7ca5b", "trade_id": "0xe12ac14700fdc723dbbb5b199d6af7b9a671b7202cff03be7834c94b74a4f06d:75513021821518959018695871962495378398360392093707011016143021577642821514214:1774501563", "side": "buy", "price": 0.09, "size": 37.49, "outcome": "up", "asset": "75513021821518959018695871962495378398360392093707011016143021577642821514214", "transaction_hash": "0xe12ac14700fdc723dbbb5b199d6af7b9a671b7202cff03be7834c94b74a4f06d", "source": "polymarket"}
{"timestamp_utc": "2026-03-26T05:06:03Z", "market_key": "SOL5M_2026-03-26T05:10:00Z", "condition_id": "0x86f8127dfc6daea39c3c8b3fd04e34ae91c7c16284b0a20678d070db6cd7ca5b", "trade_id": "0xb9f8024a55b39bcdd3f5bbdb877c8f9636721ab222a4eb5dce4f18ab4cec0ffa:60888286813205633381706156723557222885324390305369571496173942660264597290768:1774501563", "side": "buy", "price": 0.91, "size": 3.32, "outcome": "down", "asset": "60888286813205633381706156723557222885324390305369571496173942660264597290768", "transaction_hash": "0xb9f8024a55b39bcdd3f5bbdb877c8f9636721ab222a4eb5dce4f18ab4cec0ffa", "source": "polymarket"}
{"timestamp_utc": "2026-03-26T05:06:03Z", "market_key": "SOL5M_2026-03-26T05:10:00Z", "condition_id": "0x86f8127dfc6daea39c3c8b3fd04e34ae91c7c16284b0a20678d070db6cd7ca5b", "trade_id": "0xc246554a2d05ab7aa354f914a21d2bddee553f3f8fdd5c4c492022a6e3f2a95a:60888286813205633381706156723557222885324390305369571496173942660264597290768:1774501563", "side": "buy", "price": 0.91, "size": 5.0, "outcome": "down", "asset": "60888286813205633381706156723557222885324390305369571496173942660264597290768", "transaction_hash": "0xc246554a2d05ab7aa354f914a21d2bddee553f3f8fdd5c4c492022a6e3f2a95a", "source": "polymarket"}
{"timestamp_utc": "2026-03-26T05:06:05Z", "market_key": "SOL5M_2026-03-26T05:10:00Z", "condition_id": "0x86f8127dfc6daea39c3c8b3fd04e34ae91c7c16284b0a20678d070db6cd7ca5b", "trade_id": "0xe5dd6c19943aab33310e01b1d81dde4a90451f44438d17f8f3d68c86dbe0042c:60888286813205633381706156723557222885324390305369571496173942660264597290768:1774501565", "side": "buy", "price": 0.92, "size": 10.0, "outcome": "down", "asset": "60888286813205633381706156723557222885324390305369571496173942660264597290768", "transaction_hash": "0xe5dd6c19943aab33310e01b1d81dde4a90451f44438d17f8f3d68c86dbe0042c", "source": "polymarket"}
{"timestamp_utc": "2026-03-26T05:06:09Z", "market_key": "SOL5M_2026-03-26T05:10:00Z", "condition_id": "0x86f8127dfc6daea39c3c8b3fd04e34ae91c7c16284b0a20678d070db6cd7ca5b", "trade_id": "0xc730980959217ddfd891a5b1d1277ef23651ef204046fcab7901db2bc0fc7c0f:60888286813205633381706156723557222885324390305369571496173942660264597290768:1774501569", "side": "buy", "price": 0.93, "size": 5.0, "outcome": "down", "asset": "60888286813205633381706156723557222885324390305369571496173942660264597290768", "transaction_hash": "0xc730980959217ddfd891a5b1d1277ef23651ef204046fcab7901db2bc0fc7c0f", "source": "polymarket"}
{"timestamp_utc": "2026-03-26T05:06:09Z", "market_key": "SOL5M_2026-03-26T05:10:00Z", "condition_id": "0x86f8127dfc6daea39c3c8b3fd04e34ae91c7c16284b0a20678d070db6cd7ca5b", "trade_id": "0xb3f5f1f0167478eafb9e881df1e92cc353f1968bffdea58af23b4b501ce6c324:60888286813205633381706156723557222885324390305369571496173942660264597290768:1774501569", "side": "buy", "price": 0.9099999987559808, "size": 16.076922, "outcome": "down", "asset": "60888286813205633381706156723557222885324390305369571496173942660264597290768", "transaction_hash": "0xb3f5f1f0167478eafb9e881df1e92cc353f1968bffdea58af23b4b501ce6c324", "source": "polymarket"}
{"timestamp_utc": "2026-03-26T05:06:09Z", "market_key": "SOL5M_2026-03-26T05:10:00Z", "condition_id": "0x86f8127dfc6daea39c3c8b3fd04e34ae91c7c16284b0a20678d070db6cd7ca5b", "trade_id": "0x82d14d7177ef38d078f660582668c85ed179b71933e669c03681d9e621963f8a:75513021821518959018695871962495378398360392093707011016143021577642821514214:1774501569", "side": "sell", "price": 0.08, "size": 0.51, "outcome": "up", "asset": "75513021821518959018695871962495378398360392093707011016143021577642821514214", "transaction_hash": "0x82d14d7177ef38d078f660582668c85ed179b71933e669c03681d9e621963f8a", "source": "polymarket"}
{"timestamp_utc": "2026-03-26T05:06:11Z", "market_key": "SOL5M_2026-03-26T05:10:00Z", "condition_id": "0x86f8127dfc6daea39c3c8b3fd04e34ae91c7c16284b0a20678d070db6cd7ca5b", "trade_id": "0x7fdacf93d265cbb855391bb47b013e5d1b1d05b448a76db8f189f683a866640c:60888286813205633381706156723557222885324390305369571496173942660264597290768:1774501571", "side": "buy", "price": 0.95, "size": 15.0, "outcome": "down", "asset": "60888286813205633381706156723557222885324390305369571496173942660264597290768", "transaction_hash": "0x7fdacf93d265cbb855391bb47b013e5d1b1d05b448a76db8f189f683a866640c", "source": "polymarket"}
{"timestamp_utc": "2026-03-26T05:06:11Z", "market_key": "SOL5M_2026-03-26T05:10:00Z", "condition_id": "0x86f8127dfc6daea39c3c8b3fd04e34ae91c7c16284b0a20678d070db6cd7ca5b", "trade_id": "0xbbd6f35d20c863c724604daa8f4926f55c49f6f25e2aae33bedeb5ab5a4b5d4f:60888286813205633381706156723557222885324390305369571496173942660264597290768:1774501571", "side": "buy", "price": 0.95, "size": 5.0, "outcome": "down", "asset": "60888286813205633381706156723557222885324390305369571496173942660264597290768", "transaction_hash": "0xbbd6f35d20c863c724604daa8f4926f55c49f6f25e2aae33bedeb5ab5a4b5d4f", "source": "polymarket"}
{"timestamp_utc": "2026-03-26T05:06:11Z", "market_key": "SOL5M_2026-03-26T05:10:00Z", "condition_id": "0x86f8127dfc6daea39c3c8b3fd04e34ae91c7c16284b0a20678d070db6cd7ca5b", "trade_id": "0x0056bce7384ec5fc26f11670561ada6107c4fa46b9d10862ba21c9b3c7133cd8:60888286813205633381706156723557222885324390305369571496173942660264597290768:1774501571", "side": "buy", "price": 0.95, "size": 5.0, "outcome": "down", "asset": "60888286813205633381706156723557222885324390305369571496173942660264597290768", "transaction_hash": "0x0056bce7384ec5fc26f11670561ada6107c4fa46b9d10862ba21c9b3c7133cd8", "source": "polymarket"}
{"timestamp_utc": "2026-03-26T05:06:11Z", "market_key": "SOL5M_2026-03-26T05:10:00Z", "condition_id": "0x86f8127dfc6daea39c3c8b3fd04e34ae91c7c16284b0a20678d070db6cd7ca5b", "trade_id": "0xebd9bef516de25f75720b5be49872fa2a78a7ba95437073beed91c4f3135b6f7:60888286813205633381706156723557222885324390305369571496173942660264597290768:1774501571", "side": "buy", "price": 0.95, "size": 15.0, "outcome": "down", "asset": "60888286813205633381706156723557222885324390305369571496173942660264597290768", "transaction_hash": "0xebd9bef516de25f75720b5be49872fa2a78a7ba95437073beed91c4f3135b6f7", "source": "polymarket"}
{"timestamp_utc": "2026-03-26T05:06:11Z", "market_key": "SOL5M_2026-03-26T05:10:00Z", "condition_id": "0x86f8127dfc6daea39c3c8b3fd04e34ae91c7c16284b0a20678d070db6cd7ca5b", "trade_id": "0xdfb81a84eb52d314a400be514e909ec25296955a763d2fb5d94492471355407b:60888286813205633381706156723557222885324390305369571496173942660264597290768:1774501571", "side": "buy", "price": 0.95, "size": 18.0, "outcome": "down", "asset": "60888286813205633381706156723557222885324390305369571496173942660264597290768", "transaction_hash": "0xdfb81a84eb52d314a400be514e909ec25296955a763d2fb5d94492471355407b", "source": "polymarket"}
{"timestamp_utc": "2026-03-26T05:06:13Z", "market_key": "SOL5M_2026-03-26T05:10:00Z", "condition_id": "0x86f8127dfc6daea39c3c8b3fd04e34ae91c7c16284b0a20678d070db6cd7ca5b", "trade_id": "0x2c3ad37ae80e56b2b58d35aa79414efe9ef1115047a39d90e91a7f34b80a057e:60888286813205633381706156723557222885324390305369571496173942660264597290768:1774501573", "side": "buy", "price": 0.95, "size": 15.0, "outcome": "down", "asset": "60888286813205633381706156723557222885324390305369571496173942660264597290768", "transaction_hash": "0x2c3ad37ae80e56b2b58d35aa79414efe9ef1115047a39d90e91a7f34b80a057e", "source": "polymarket"}
{"timestamp_utc": "2026-03-26T05:06:13Z", "market_key": "SOL5M_2026-03-26T05:10:00Z", "condition_id": "0x86f8127dfc6daea39c3c8b3fd04e34ae91c7c16284b0a20678d070db6cd7ca5b", "trade_id": "0x5e0a0488c2281003a76e5276ac7ded67cd4bc0156e0be26106138e240e3eafc7:60888286813205633381706156723557222885324390305369571496173942660264597290768:1774501573", "side": "buy", "price": 0.95, "size": 17.51, "outcome": "down", "asset": "60888286813205633381706156723557222885324390305369571496173942660264597290768", "transaction_hash": "0x5e0a0488c2281003a76e5276ac7ded67cd4bc0156e0be26106138e240e3eafc7", "source": "polymarket"}
{"timestamp_utc": "2026-03-26T05:06:13Z", "market_key": "SOL5M_2026-03-26T05:10:00Z", "condition_id": "0x86f8127dfc6daea39c3c8b3fd04e34ae91c7c16284b0a20678d070db6cd7ca5b", "trade_id": "0x2911d4f9191e1168f8acce697483e5e8ed556ada84a5e8c67fc0eeba73f2c744:60888286813205633381706156723557222885324390305369571496173942660264597290768:1774501573", "side": "buy", "price": 0.95, "size": 12.17, "outcome": "down", "asset": "60888286813205633381706156723557222885324390305369571496173942660264597290768", "transaction_hash": "0x2911d4f9191e1168f8acce697483e5e8ed556ada84a5e8c67fc0eeba73f2c744", "source": "polymarket"}
{"timestamp_utc": "2026-03-26T05:06:13Z", "market_key": "SOL5M_2026-03-26T05:10:00Z", "condition_id": "0x86f8127dfc6daea39c3c8b3fd04e34ae91c7c16284b0a20678d070db6cd7ca5b", "trade_id": "0x620b45012e0915b6e904013f62bfa2f36d5adcbca45d6e1014f4a76744789c1d:60888286813205633381706156723557222885324390305369571496173942660264597290768:1774501573", "side": "buy", "price": 0.96, "size": 5.208325, "outcome": "down", "asset": "60888286813205633381706156723557222885324390305369571496173942660264597290768", "transaction_hash": "0x620b45012e0915b6e904013f62bfa2f36d5adcbca45d6e1014f4a76744789c1d", "source": "polymarket"}
{"timestamp_utc": "2026-03-26T05:06:13Z", "market_key": "SOL5M_2026-03-26T05:10:00Z", "condition_id": "0x86f8127dfc6daea39c3c8b3fd04e34ae91c7c16284b0a20678d070db6cd7ca5b", "trade_id": "0x95c44f1801d9f723d1ad7663a5fcb16c103cee4812422a305b80d205e2c5bea7:60888286813205633381706156723557222885324390305369571496173942660264597290768:1774501573", "side": "buy", "price": 0.96, "size": 18.0, "outcome": "down", "asset": "60888286813205633381706156723557222885324390305369571496173942660264597290768", "transaction_hash": "0x95c44f1801d9f723d1ad7663a5fcb16c103cee4812422a305b80d205e2c5bea7", "source": "polymarket"}
{"timestamp_utc": "2026-03-26T05:06:13Z", "market_key": "SOL5M_2026-03-26T05:10:00Z", "condition_id": "0x86f8127dfc6daea39c3c8b3fd04e34ae91c7c16284b0a20678d070db6cd7ca5b", "trade_id": "0x89ddf660b51abf82139787e5f782e1c888c3d30a964f7bd0844bd23c05ec622a:60888286813205633381706156723557222885324390305369571496173942660264597290768:1774501573", "side": "buy", "price": 0.96, "size": 15.0, "outcome": "down", "asset": "60888286813205633381706156723557222885324390305369571496173942660264597290768", "transaction_hash": "0x89ddf660b51abf82139787e5f782e1c888c3d30a964f7bd0844bd23c05ec622a", "source": "polymarket"}
{"timestamp_utc": "2026-03-26T05:06:13Z", "market_key": "SOL5M_2026-03-26T05:10:00Z", "condition_id": "0x86f8127dfc6daea39c3c8b3fd04e34ae91c7c16284b0a20678d070db6cd7ca5b", "trade_id": "0xc70c60ee7ef3e1b8e7d7e42b83f8fdf5e2671b775f9917207e4e9cd8db7ef53c:60888286813205633381706156723557222885324390305369571496173942660264597290768:1774501573", "side": "buy", "price": 0.96, "size": 15.0, "outcome": "down", "asset": "60888286813205633381706156723557222885324390305369571496173942660264597290768", "transaction_hash": "0xc70c60ee7ef3e1b8e7d7e42b83f8fdf5e2671b775f9917207e4e9cd8db7ef53c", "source": "polymarket"}
{"timestamp_utc": "2026-03-26T05:06:13Z", "market_key": "SOL5M_2026-03-26T05:10:00Z", "condition_id": "0x86f8127dfc6daea39c3c8b3fd04e34ae91c7c16284b0a20678d070db6cd7ca5b", "trade_id": "0xc0c77348115870d30047115b67bada3889912a0bda8cad73a411244b7b23ec8a:60888286813205633381706156723557222885324390305369571496173942660264597290768:1774501573", "side": "buy", "price": 0.96, "size": 15.0, "outcome": "down", "asset": "60888286813205633381706156723557222885324390305369571496173942660264597290768", "transaction_hash": "0xc0c77348115870d30047115b67bada3889912a0bda8cad73a411244b7b23ec8a", "source": "polymarket"}
{"timestamp_utc": "2026-03-26T05:06:13Z", "market_key": "SOL5M_2026-03-26T05:10:00Z", "condition_id": "0x86f8127dfc6daea39c3c8b3fd04e34ae91c7c16284b0a20678d070db6cd7ca5b", "trade_id": "0xfdbab92e5597d83805f4854a223d2abe0425f858ce0034779c1c771dcca797d2:60888286813205633381706156723557222885324390305369571496173942660264597290768:1774501573", "side": "buy", "price": 0.96, "size": 15.0, "outcome": "down", "asset": "60888286813205633381706156723557222885324390305369571496173942660264597290768", "transaction_hash": "0xfdbab92e5597d83805f4854a223d2abe0425f858ce0034779c1c771dcca797d2", "source": "polymarket"}
{"timestamp_utc": "2026-03-26T05:06:13Z", "market_key": "SOL5M_2026-03-26T05:10:00Z", "condition_id": "0x86f8127dfc6daea39c3c8b3fd04e34ae91c7c16284b0a20678d070db6cd7ca5b", "trade_id": "0xabd2bcb9bc55617525e92d0ecd7a6662b4fcca672a9dde1bba1f74065465c328:60888286813205633381706156723557222885324390305369571496173942660264597290768:1774501573", "side": "buy", "price": 0.96, "size": 18.0, "outcome": "down", "asset": "60888286813205633381706156723557222885324390305369571496173942660264597290768", "transaction_hash": "0xabd2bcb9bc55617525e92d0ecd7a6662b4fcca672a9dde1bba1f74065465c328", "source": "polymarket"}
{"timestamp_utc": "2026-03-26T05:06:15Z", "market_key": "SOL5M_2026-03-26T05:10:00Z", "condition_id": "0x86f8127dfc6daea39c3c8b3fd04e34ae91c7c16284b0a20678d070db6cd7ca5b", "trade_id": "0x84f599e5a31d0ae8cd70fe17b8c8d3cbdfe6ee7f2f9982c59021c073d3cfc934:60888286813205633381706156723557222885324390305369571496173942660264597290768:1774501575", "side": "buy", "price": 0.96, "size": 9.06, "outcome": "down", "asset": "60888286813205633381706156723557222885324390305369571496173942660264597290768", "transaction_hash": "0x84f599e5a31d0ae8cd70fe17b8c8d3cbdfe6ee7f2f9982c59021c073d3cfc934", "source": "polymarket"}
{"timestamp_utc": "2026-03-26T05:06:19Z", "market_key": "SOL5M_2026-03-26T05:10:00Z", "condition_id": "0x86f8127dfc6daea39c3c8b3fd04e34ae91c7c16284b0a20678d070db6cd7ca5b", "trade_id": "0x39615626d7fb956763e2a6f4f9b5aa621b0aff3979d37013d1e2552091ec1793:60888286813205633381706156723557222885324390305369571496173942660264597290768:1774501579", "side": "buy", "price": 0.97, "size": 1.0309, "outcome": "down", "asset": "60888286813205633381706156723557222885324390305369571496173942660264597290768", "transaction_hash": "0x39615626d7fb956763e2a6f4f9b5aa621b0aff3979d37013d1e2552091ec1793", "source": "polymarket"}
{"timestamp_utc": "2026-03-26T05:06:19Z", "market_key": "SOL5M_2026-03-26T05:10:00Z", "condition_id": "0x86f8127dfc6daea39c3c8b3fd04e34ae91c7c16284b0a20678d070db6cd7ca5b", "trade_id": "0x06fc2bf60a2de8b44689c87328beabb175df4dd4bcf0a197eab0415991f5eaf3:60888286813205633381706156723557222885324390305369571496173942660264597290768:1774501579", "side": "sell", "price": 0.93, "size": 1.66, "outcome": "down", "asset": "60888286813205633381706156723557222885324390305369571496173942660264597290768", "transaction_hash": "0x06fc2bf60a2de8b44689c87328beabb175df4dd4bcf0a197eab0415991f5eaf3", "source": "polymarket"}
{"timestamp_utc": "2026-03-26T05:06:19Z", "market_key": "SOL5M_2026-03-26T05:10:00Z", "condition_id": "0x86f8127dfc6daea39c3c8b3fd04e34ae91c7c16284b0a20678d070db6cd7ca5b", "trade_id": "0x12f8a6e3cec5bfba324440ed28a545ddaffd0817cffa898d1259f0556f80748c:75513021821518959018695871962495378398360392093707011016143021577642821514214:1774501579", "side": "buy", "price": 0.07, "size": 21.0, "outcome": "up", "asset": "75513021821518959018695871962495378398360392093707011016143021577642821514214", "transaction_hash": "0x12f8a6e3cec5bfba324440ed28a545ddaffd0817cffa898d1259f0556f80748c", "source": "polymarket"}
{"timestamp_utc": "2026-03-26T05:06:21Z", "market_key": "SOL5M_2026-03-26T05:10:00Z", "condition_id": "0x86f8127dfc6daea39c3c8b3fd04e34ae91c7c16284b0a20678d070db6cd7ca5b", "trade_id": "0x6ac0c23d91f42f227affd2b8de844fb125ba219fd2a10ab12cc3c82ccf6a3f6f:75513021821518959018695871962495378398360392093707011016143021577642821514214:1774501581", "side": "sell", "price": 0.05, "size": 0.41, "outcome": "up", "asset": "75513021821518959018695871962495378398360392093707011016143021577642821514214", "transaction_hash": "0x6ac0c23d91f42f227affd2b8de844fb125ba219fd2a10ab12cc3c82ccf6a3f6f", "source": "polymarket"}
{"timestamp_utc": "2026-03-26T05:06:23Z", "market_key": "SOL5M_2026-03-26T05:10:00Z", "condition_id": "0x86f8127dfc6daea39c3c8b3fd04e34ae91c7c16284b0a20678d070db6cd7ca5b", "trade_id": "0xa6c9b56e8a2326b9613e8ccc413700fe2b157fe2d8a751405fe9ef9890b036d6:75513021821518959018695871962495378398360392093707011016143021577642821514214:1774501583", "side": "sell", "price": 0.04025091322833703, "size": 166.99, "outcome": "up", "asset": "75513021821518959018695871962495378398360392093707011016143021577642821514214", "transaction_hash": "0xa6c9b56e8a2326b9613e8ccc413700fe2b157fe2d8a751405fe9ef9890b036d6", "source": "polymarket"}
{"timestamp_utc": "2026-03-26T05:06:23Z", "market_key": "SOL5M_2026-03-26T05:10:00Z", "condition_id": "0x86f8127dfc6daea39c3c8b3fd04e34ae91c7c16284b0a20678d070db6cd7ca5b", "trade_id": "0x121acafa6cc54bac215e3aa8d04ae1a3b50aa4cf4cd94372b59f2af6f3207ca9:75513021821518959018695871962495378398360392093707011016143021577642821514214:1774501583", "side": "buy", "price": 0.05726895119418484, "size": 19.26, "outcome": "up", "asset": "75513021821518959018695871962495378398360392093707011016143021577642821514214", "transaction_hash": "0x121acafa6cc54bac215e3aa8d04ae1a3b50aa4cf4cd94372b59f2af6f3207ca9", "source": "polymarket"}
{"timestamp_utc": "2026-03-26T05:06:33Z", "market_key": "SOL5M_2026-03-26T05:10:00Z", "condition_id": "0x86f8127dfc6daea39c3c8b3fd04e34ae91c7c16284b0a20678d070db6cd7ca5b", "trade_id": "0x92c351ac22293b5bb77927cc94aa539c82edb0af06e14cc869bc965a747bfda6:60888286813205633381706156723557222885324390305369571496173942660264597290768:1774501593", "side": "buy", "price": 0.95, "size": 14.0, "outcome": "down", "asset": "60888286813205633381706156723557222885324390305369571496173942660264597290768", "transaction_hash": "0x92c351ac22293b5bb77927cc94aa539c82edb0af06e14cc869bc965a747bfda6", "source": "polymarket"}
{"timestamp_utc": "2026-03-26T05:06:33Z", "market_key": "SOL5M_2026-03-26T05:10:00Z", "condition_id": "0x86f8127dfc6daea39c3c8b3fd04e34ae91c7c16284b0a20678d070db6cd7ca5b", "trade_id": "0xc5bfae439bf10dfbb0842059e1c359e936556ce20208fab1d999958c9ea8d074:60888286813205633381706156723557222885324390305369571496173942660264597290768:1774501593", "side": "buy", "price": 0.95, "size": 8.09472, "outcome": "down", "asset": "60888286813205633381706156723557222885324390305369571496173942660264597290768", "transaction_hash": "0xc5bfae439bf10dfbb0842059e1c359e936556ce20208fab1d999958c9ea8d074", "source": "polymarket"}
{"timestamp_utc": "2026-03-26T05:06:41Z", "market_key": "SOL5M_2026-03-26T05:10:00Z", "condition_id": "0x86f8127dfc6daea39c3c8b3fd04e34ae91c7c16284b0a20678d070db6cd7ca5b", "trade_id": "0x4416ebd7acf1a9d1ed77d89683adb1053db4afd2df861482f245545ff54e9753:75513021821518959018695871962495378398360392093707011016143021577642821514214:1774501601", "side": "buy", "price": 0.04, "size": 2.0, "outcome": "up", "asset": "75513021821518959018695871962495378398360392093707011016143021577642821514214", "transaction_hash": "0x4416ebd7acf1a9d1ed77d89683adb1053db4afd2df861482f245545ff54e9753", "source": "polymarket"}
{"timestamp_utc": "2026-03-26T05:06:43Z", "market_key": "SOL5M_2026-03-26T05:10:00Z", "condition_id": "0x86f8127dfc6daea39c3c8b3fd04e34ae91c7c16284b0a20678d070db6cd7ca5b", "trade_id": "0x617a4b7d3fff4109ae4b23962a773ea8aeb1e5db0a5d3fc4465d0fb167d9249e:60888286813205633381706156723557222885324390305369571496173942660264597290768:1774501603", "side": "buy", "price": 0.97, "size": 5.0, "outcome": "down", "asset": "60888286813205633381706156723557222885324390305369571496173942660264597290768", "transaction_hash": "0x617a4b7d3fff4109ae4b23962a773ea8aeb1e5db0a5d3fc4465d0fb167d9249e", "source": "polymarket"}
{"timestamp_utc": "2026-03-26T05:06:43Z", "market_key": "SOL5M_2026-03-26T05:10:00Z", "condition_id": "0x86f8127dfc6daea39c3c8b3fd04e34ae91c7c16284b0a20678d070db6cd7ca5b", "trade_id": "0x18e762fe93dd6c26f41d108cd20d4a049d047e4242ef9284e18d437766df05d3:60888286813205633381706156723557222885324390305369571496173942660264597290768:1774501603", "side": "buy", "price": 0.97, "size": 32.0, "outcome": "down", "asset": "60888286813205633381706156723557222885324390305369571496173942660264597290768", "transaction_hash": "0x18e762fe93dd6c26f41d108cd20d4a049d047e4242ef9284e18d437766df05d3", "source": "polymarket"}
{"timestamp_utc": "2026-03-26T05:06:43Z", "market_key": "SOL5M_2026-03-26T05:10:00Z", "condition_id": "0x86f8127dfc6daea39c3c8b3fd04e34ae91c7c16284b0a20678d070db6cd7ca5b", "trade_id": "0x7ed2dca225564e87486193aa61caf735b311a449903f1d00a665f41c22c68fb0:60888286813205633381706156723557222885324390305369571496173942660264597290768:1774501603", "side": "buy", "price": 0.97, "size": 10.1, "outcome": "down", "asset": "60888286813205633381706156723557222885324390305369571496173942660264597290768", "transaction_hash": "0x7ed2dca225564e87486193aa61caf735b311a449903f1d00a665f41c22c68fb0", "source": "polymarket"}
{"timestamp_utc": "2026-03-26T05:06:43Z", "market_key": "SOL5M_2026-03-26T05:10:00Z", "condition_id": "0x86f8127dfc6daea39c3c8b3fd04e34ae91c7c16284b0a20678d070db6cd7ca5b", "trade_id": "0x32c69693f029436a82778240d80716820ff97faec9463e2af2b0d3a8ba28de29:60888286813205633381706156723557222885324390305369571496173942660264597290768:1774501603", "side": "buy", "price": 0.97, "size": 15.0, "outcome": "down", "asset": "60888286813205633381706156723557222885324390305369571496173942660264597290768", "transaction_hash": "0x32c69693f029436a82778240d80716820ff97faec9463e2af2b0d3a8ba28de29", "source": "polymarket"}
{"timestamp_utc": "2026-03-26T05:06:43Z", "market_key": "SOL5M_2026-03-26T05:10:00Z", "condition_id": "0x86f8127dfc6daea39c3c8b3fd04e34ae91c7c16284b0a20678d070db6cd7ca5b", "trade_id": "0x4c26738d1348b133b75d61b19d27977228c3066e9fff885e23b7af13459739df:60888286813205633381706156723557222885324390305369571496173942660264597290768:1774501603", "side": "buy", "price": 0.97, "size": 4.0, "outcome": "down", "asset": "60888286813205633381706156723557222885324390305369571496173942660264597290768", "transaction_hash": "0x4c26738d1348b133b75d61b19d27977228c3066e9fff885e23b7af13459739df", "source": "polymarket"}
{"timestamp_utc": "2026-03-26T05:06:43Z", "market_key": "SOL5M_2026-03-26T05:10:00Z", "condition_id": "0x86f8127dfc6daea39c3c8b3fd04e34ae91c7c16284b0a20678d070db6cd7ca5b", "trade_id": "0x50f1df51f140da5e2b67064528200ff0ecc357ee010d295ee97a4df906f01888:60888286813205633381706156723557222885324390305369571496173942660264597290768:1774501603", "side": "buy", "price": 0.97, "size": 15.0, "outcome": "down", "asset": "60888286813205633381706156723557222885324390305369571496173942660264597290768", "transaction_hash": "0x50f1df51f140da5e2b67064528200ff0ecc357ee010d295ee97a4df906f01888", "source": "polymarket"}
{"timestamp_utc": "2026-03-26T05:06:43Z", "market_key": "SOL5M_2026-03-26T05:10:00Z", "condition_id": "0x86f8127dfc6daea39c3c8b3fd04e34ae91c7c16284b0a20678d070db6cd7ca5b", "trade_id": "0xf751854d75aef422340c6ea36c57013fc75c59173d2b6a3088c58ef763b80622:60888286813205633381706156723557222885324390305369571496173942660264597290768:1774501603", "side": "buy", "price": 0.97, "size": 45.0, "outcome": "down", "asset": "60888286813205633381706156723557222885324390305369571496173942660264597290768", "transaction_hash": "0xf751854d75aef422340c6ea36c57013fc75c59173d2b6a3088c58ef763b80622", "source": "polymarket"}
{"timestamp_utc": "2026-03-26T05:06:43Z", "market_key": "SOL5M_2026-03-26T05:10:00Z", "condition_id": "0x86f8127dfc6daea39c3c8b3fd04e34ae91c7c16284b0a20678d070db6cd7ca5b", "trade_id": "0x1c2bf5bb1a71307b1b95217e90d65f659e08d2e30a9e0e0ab674c012c3b69543:60888286813205633381706156723557222885324390305369571496173942660264597290768:1774501603", "side": "buy", "price": 0.97, "size": 172.32, "outcome": "down", "asset": "60888286813205633381706156723557222885324390305369571496173942660264597290768", "transaction_hash": "0x1c2bf5bb1a71307b1b95217e90d65f659e08d2e30a9e0e0ab674c012c3b69543", "source": "polymarket"}
{"timestamp_utc": "2026-03-26T05:06:43Z", "market_key": "SOL5M_2026-03-26T05:10:00Z", "condition_id": "0x86f8127dfc6daea39c3c8b3fd04e34ae91c7c16284b0a20678d070db6cd7ca5b", "trade_id": "0x6a10939b9842f6a44c645fb271c1ba0924dff3eb7338729f8ee90c2a5d9ef52f:60888286813205633381706156723557222885324390305369571496173942660264597290768:1774501603", "side": "buy", "price": 0.97, "size": 15.0, "outcome": "down", "asset": "60888286813205633381706156723557222885324390305369571496173942660264597290768", "transaction_hash": "0x6a10939b9842f6a44c645fb271c1ba0924dff3eb7338729f8ee90c2a5d9ef52f", "source": "polymarket"}
{"timestamp_utc": "2026-03-26T05:06:45Z", "market_key": "SOL5M_2026-03-26T05:10:00Z", "condition_id": "0x86f8127dfc6daea39c3c8b3fd04e34ae91c7c16284b0a20678d070db6cd7ca5b", "trade_id": "0x1bbab17f649583884576d8e48cd1e1a81d83e709bb57368c8b3583236deb358a:60888286813205633381706156723557222885324390305369571496173942660264597290768:1774501605", "side": "buy", "price": 0.97, "size": 18.0, "outcome": "down", "asset": "60888286813205633381706156723557222885324390305369571496173942660264597290768", "transaction_hash": "0x1bbab17f649583884576d8e48cd1e1a81d83e709bb57368c8b3583236deb358a", "source": "polymarket"}
{"timestamp_utc": "2026-03-26T05:06:45Z", "market_key": "SOL5M_2026-03-26T05:10:00Z", "condition_id": "0x86f8127dfc6daea39c3c8b3fd04e34ae91c7c16284b0a20678d070db6cd7ca5b", "trade_id": "0x27ebdc7728ccd4bdf84c369c5b5f7c1d0fba90701aeebc750ecdb3bd11f3bbb5:60888286813205633381706156723557222885324390305369571496173942660264597290768:1774501605", "side": "buy", "price": 0.97, "size": 15.0, "outcome": "down", "asset": "60888286813205633381706156723557222885324390305369571496173942660264597290768", "transaction_hash": "0x27ebdc7728ccd4bdf84c369c5b5f7c1d0fba90701aeebc750ecdb3bd11f3bbb5", "source": "polymarket"}
{"timestamp_utc": "2026-03-26T05:06:47Z", "market_key": "SOL5M_2026-03-26T05:10:00Z", "condition_id": "0x86f8127dfc6daea39c3c8b3fd04e34ae91c7c16284b0a20678d070db6cd7ca5b", "trade_id": "0x558afb1ac037a53265c9fd3b0a9895ad2c23524177de584b7100eaf32d1bb7d4:60888286813205633381706156723557222885324390305369571496173942660264597290768:1774501607", "side": "buy", "price": 0.97, "size": 172.32, "outcome": "down", "asset": "60888286813205633381706156723557222885324390305369571496173942660264597290768", "transaction_hash": "0x558afb1ac037a53265c9fd3b0a9895ad2c23524177de584b7100eaf32d1bb7d4", "source": "polymarket"}
{"timestamp_utc": "2026-03-26T05:06:47Z", "market_key": "SOL5M_2026-03-26T05:10:00Z", "condition_id": "0x86f8127dfc6daea39c3c8b3fd04e34ae91c7c16284b0a20678d070db6cd7ca5b", "trade_id": "0xb5c0fa295533849b6b6c1a7d24b1fbc7fbea9e004d0506e9cf99b64e9d3c0d1a:60888286813205633381706156723557222885324390305369571496173942660264597290768:1774501607", "side": "buy", "price": 0.9755266666666667, "size": 300.0, "outcome": "down", "asset": "60888286813205633381706156723557222885324390305369571496173942660264597290768", "transaction_hash": "0xb5c0fa295533849b6b6c1a7d24b1fbc7fbea9e004d0506e9cf99b64e9d3c0d1a", "source": "polymarket"}
{"timestamp_utc": "2026-03-26T05:06:49Z", "market_key": "SOL5M_2026-03-26T05:10:00Z", "condition_id": "0x86f8127dfc6daea39c3c8b3fd04e34ae91c7c16284b0a20678d070db6cd7ca5b", "trade_id": "0x132f685b2d794dd3505201c6ff901d4630b4c078c72e2cc675986814008c94fc:60888286813205633381706156723557222885324390305369571496173942660264597290768:1774501609", "side": "buy", "price": 0.99, "size": 100.0, "outcome": "down", "asset": "60888286813205633381706156723557222885324390305369571496173942660264597290768", "transaction_hash": "0x132f685b2d794dd3505201c6ff901d4630b4c078c72e2cc675986814008c94fc", "source": "polymarket"}
{"timestamp_utc": "2026-03-26T05:06:49Z", "market_key": "SOL5M_2026-03-26T05:10:00Z", "condition_id": "0x86f8127dfc6daea39c3c8b3fd04e34ae91c7c16284b0a20678d070db6cd7ca5b", "trade_id": "0xde12507ed746f00417f18d82cccb0bc7e331b5b457d6d287ca5450cb517e9f3e:60888286813205633381706156723557222885324390305369571496173942660264597290768:1774501609", "side": "buy", "price": 0.99, "size": 500.0, "outcome": "down", "asset": "60888286813205633381706156723557222885324390305369571496173942660264597290768", "transaction_hash": "0xde12507ed746f00417f18d82cccb0bc7e331b5b457d6d287ca5450cb517e9f3e", "source": "polymarket"}
{"timestamp_utc": "2026-03-26T05:06:49Z", "market_key": "SOL5M_2026-03-26T05:10:00Z", "condition_id": "0x86f8127dfc6daea39c3c8b3fd04e34ae91c7c16284b0a20678d070db6cd7ca5b", "trade_id": "0x3549bd7ed7f374a94788002aa74462aeb473f22b6788e421731b5ef2b8093827:60888286813205633381706156723557222885324390305369571496173942660264597290768:1774501609", "side": "buy", "price": 0.99, "size": 1.5151, "outcome": "down", "asset": "60888286813205633381706156723557222885324390305369571496173942660264597290768", "transaction_hash": "0x3549bd7ed7f374a94788002aa74462aeb473f22b6788e421731b5ef2b8093827", "source": "polymarket"}
{"timestamp_utc": "2026-03-26T05:06:49Z", "market_key": "SOL5M_2026-03-26T05:10:00Z", "condition_id": "0x86f8127dfc6daea39c3c8b3fd04e34ae91c7c16284b0a20678d070db6cd7ca5b", "trade_id": "0x98503df100c6ef07b98237a9903ceb031a535e02c11d95bd6c88cd0961e7bb9c:60888286813205633381706156723557222885324390305369571496173942660264597290768:1774501609", "side": "buy", "price": 0.99, "size": 2.0, "outcome": "down", "asset": "60888286813205633381706156723557222885324390305369571496173942660264597290768", "transaction_hash": "0x98503df100c6ef07b98237a9903ceb031a535e02c11d95bd6c88cd0961e7bb9c", "source": "polymarket"}
{"timestamp_utc": "2026-03-26T05:06:49Z", "market_key": "SOL5M_2026-03-26T05:10:00Z", "condition_id": "0x86f8127dfc6daea39c3c8b3fd04e34ae91c7c16284b0a20678d070db6cd7ca5b", "trade_id": "0xe04faa5e468a73d7bff0a82a3cc386b6e91b83aa65b852414f653d043c7ee604:60888286813205633381706156723557222885324390305369571496173942660264597290768:1774501609", "side": "buy", "price": 0.99, "size": 10.1, "outcome": "down", "asset": "60888286813205633381706156723557222885324390305369571496173942660264597290768", "transaction_hash": "0xe04faa5e468a73d7bff0a82a3cc386b6e91b83aa65b852414f653d043c7ee604", "source": "polymarket"}
{"timestamp_utc": "2026-03-26T05:06:49Z", "market_key": "SOL5M_2026-03-26T05:10:00Z", "condition_id": "0x86f8127dfc6daea39c3c8b3fd04e34ae91c7c16284b0a20678d070db6cd7ca5b", "trade_id": "0xcb92755149bf2fbfbaa45e22a40ed80ef862640fbe860ab77cc0457c90f8d09e:60888286813205633381706156723557222885324390305369571496173942660264597290768:1774501609", "side": "buy", "price": 0.99, "size": 5.0, "outcome": "down", "asset": "60888286813205633381706156723557222885324390305369571496173942660264597290768", "transaction_hash": "0xcb92755149bf2fbfbaa45e22a40ed80ef862640fbe860ab77cc0457c90f8d09e", "source": "polymarket"}
{"timestamp_utc": "2026-03-26T05:06:51Z", "market_key": "SOL5M_2026-03-26T05:10:00Z", "condition_id": "0x86f8127dfc6daea39c3c8b3fd04e34ae91c7c16284b0a20678d070db6cd7ca5b", "trade_id": "0x1b4b6a2c0111f5a92756cc6a301a5e66db6708852c5bccc67668dfc8a33a1a31:60888286813205633381706156723557222885324390305369571496173942660264597290768:1774501611", "side": "buy", "price": 0.99, "size": 10.1, "outcome": "down", "asset": "60888286813205633381706156723557222885324390305369571496173942660264597290768", "transaction_hash": "0x1b4b6a2c0111f5a92756cc6a301a5e66db6708852c5bccc67668dfc8a33a1a31", "source": "polymarket"}
{"timestamp_utc": "2026-03-26T05:06:51Z", "market_key": "SOL5M_2026-03-26T05:10:00Z", "condition_id": "0x86f8127dfc6daea39c3c8b3fd04e34ae91c7c16284b0a20678d070db6cd7ca5b", "trade_id": "0x07d33548b6bc45df25f6079600502069ceb913f6608cb331ed4b237a3aa60fea:60888286813205633381706156723557222885324390305369571496173942660264597290768:1774501611", "side": "buy", "price": 0.99, "size": 1000.0, "outcome": "down", "asset": "60888286813205633381706156723557222885324390305369571496173942660264597290768", "transaction_hash": "0x07d33548b6bc45df25f6079600502069ceb913f6608cb331ed4b237a3aa60fea", "source": "polymarket"}
{"timestamp_utc": "2026-03-26T05:06:53Z", "market_key": "SOL5M_2026-03-26T05:10:00Z", "condition_id": "0x86f8127dfc6daea39c3c8b3fd04e34ae91c7c16284b0a20678d070db6cd7ca5b", "trade_id": "0x950c16dddbb565037886c5a36f0918dba62e1386274e377352a8e4e0f8106fc4:75513021821518959018695871962495378398360392093707011016143021577642821514214:1774501613", "side": "buy", "price": 0.012307692307692308, "size": 195.0, "outcome": "up", "asset": "75513021821518959018695871962495378398360392093707011016143021577642821514214", "transaction_hash": "0x950c16dddbb565037886c5a36f0918dba62e1386274e377352a8e4e0f8106fc4", "source": "polymarket"}
{"timestamp_utc": "2026-03-26T05:06:53Z", "market_key": "SOL5M_2026-03-26T05:10:00Z", "condition_id": "0x86f8127dfc6daea39c3c8b3fd04e34ae91c7c16284b0a20678d070db6cd7ca5b", "trade_id": "0x09b68d0974577b7e43d7dab38b9f85b49fdad0c3b41ef06312fb8f027252a11a:60888286813205633381706156723557222885324390305369571496173942660264597290768:1774501613", "side": "buy", "price": 0.99, "size": 100.0, "outcome": "down", "asset": "60888286813205633381706156723557222885324390305369571496173942660264597290768", "transaction_hash": "0x09b68d0974577b7e43d7dab38b9f85b49fdad0c3b41ef06312fb8f027252a11a", "source": "polymarket"}
{"timestamp_utc": "2026-03-26T05:06:53Z", "market_key": "SOL5M_2026-03-26T05:10:00Z", "condition_id": "0x86f8127dfc6daea39c3c8b3fd04e34ae91c7c16284b0a20678d070db6cd7ca5b", "trade_id": "0x1c752f23913864d00a59fde3e937c5a3a9e9638abe14044e0f9ada5bb1281a5d:75513021821518959018695871962495378398360392093707011016143021577642821514214:1774501613", "side": "buy", "price": 0.02, "size": 50.0, "outcome": "up", "asset": "75513021821518959018695871962495378398360392093707011016143021577642821514214", "transaction_hash": "0x1c752f23913864d00a59fde3e937c5a3a9e9638abe14044e0f9ada5bb1281a5d", "source": "polymarket"}
{"timestamp_utc": "2026-03-26T05:06:55Z", "market_key": "SOL5M_2026-03-26T05:10:00Z", "condition_id": "0x86f8127dfc6daea39c3c8b3fd04e34ae91c7c16284b0a20678d070db6cd7ca5b", "trade_id": "0x19b3f16a919610e2f7bf1e8a13680ea7d4c9b6c37bc7bd77996f4000eb2b1c33:75513021821518959018695871962495378398360392093707011016143021577642821514214:1774501615", "side": "buy", "price": 0.022779506420925192, "size": 129.063332, "outcome": "up", "asset": "75513021821518959018695871962495378398360392093707011016143021577642821514214", "transaction_hash": "0x19b3f16a919610e2f7bf1e8a13680ea7d4c9b6c37bc7bd77996f4000eb2b1c33", "source": "polymarket"}
{"timestamp_utc": "2026-03-26T05:06:55Z", "market_key": "SOL5M_2026-03-26T05:10:00Z", "condition_id": "0x86f8127dfc6daea39c3c8b3fd04e34ae91c7c16284b0a20678d070db6cd7ca5b", "trade_id": "0x4ae884b4ab92209d6091a249e8b11efbacf2a11fd04b87568794ebaf314a0f0f:75513021821518959018695871962495378398360392093707011016143021577642821514214:1774501615", "side": "buy", "price": 0.012158808933002481, "size": 201.5, "outcome": "up", "asset": "75513021821518959018695871962495378398360392093707011016143021577642821514214", "transaction_hash": "0x4ae884b4ab92209d6091a249e8b11efbacf2a11fd04b87568794ebaf314a0f0f", "source": "polymarket"}
{"timestamp_utc": "2026-03-26T05:06:55Z", "market_key": "SOL5M_2026-03-26T05:10:00Z", "condition_id": "0x86f8127dfc6daea39c3c8b3fd04e34ae91c7c16284b0a20678d070db6cd7ca5b", "trade_id": "0x227ff964bf48047a66aa8ae9bc5a5d41bd4419ab432bc1e76f789f740cdae8a6:75513021821518959018695871962495378398360392093707011016143021577642821514214:1774501615", "side": "buy", "price": 0.01, "size": 270.0, "outcome": "up", "asset": "75513021821518959018695871962495378398360392093707011016143021577642821514214", "transaction_hash": "0x227ff964bf48047a66aa8ae9bc5a5d41bd4419ab432bc1e76f789f740cdae8a6", "source": "polymarket"}
{"timestamp_utc": "2026-03-26T05:06:55Z", "market_key": "SOL5M_2026-03-26T05:10:00Z", "condition_id": "0x86f8127dfc6daea39c3c8b3fd04e34ae91c7c16284b0a20678d070db6cd7ca5b", "trade_id": "0x2a39de4e14eb939514ff57bf27c007b3966df71de765dceb1db15004df3c9f2a:60888286813205633381706156723557222885324390305369571496173942660264597290768:1774501615", "side": "sell", "price": 0.99, "size": 12.0, "outcome": "down", "asset": "60888286813205633381706156723557222885324390305369571496173942660264597290768", "transaction_hash": "0x2a39de4e14eb939514ff57bf27c007b3966df71de765dceb1db15004df3c9f2a", "source": "polymarket"}
{"timestamp_utc": "2026-03-26T05:06:57Z", "market_key": "SOL5M_2026-03-26T05:10:00Z", "condition_id": "0x86f8127dfc6daea39c3c8b3fd04e34ae91c7c16284b0a20678d070db6cd7ca5b", "trade_id": "0xfa0c635716a5bdba87bb8ad446c9ae1ac8062c938f4f0ba369198c0394ff7348:75513021821518959018695871962495378398360392093707011016143021577642821514214:1774501617", "side": "buy", "price": 0.01758919961427194, "size": 62.22, "outcome": "up", "asset": "75513021821518959018695871962495378398360392093707011016143021577642821514214", "transaction_hash": "0xfa0c635716a5bdba87bb8ad446c9ae1ac8062c938f4f0ba369198c0394ff7348", "source": "polymarket"}
{"timestamp_utc": "2026-03-26T05:06:57Z", "market_key": "SOL5M_2026-03-26T05:10:00Z", "condition_id": "0x86f8127dfc6daea39c3c8b3fd04e34ae91c7c16284b0a20678d070db6cd7ca5b", "trade_id": "0xe2a035aee11dc92fb979ba651caf7b9e4b810fdb2f1f873e689a9a6ed23d2c8f:75513021821518959018695871962495378398360392093707011016143021577642821514214:1774501617", "side": "buy", "price": 0.018214285714285714, "size": 168.0, "outcome": "up", "asset": "75513021821518959018695871962495378398360392093707011016143021577642821514214", "transaction_hash": "0xe2a035aee11dc92fb979ba651caf7b9e4b810fdb2f1f873e689a9a6ed23d2c8f", "source": "polymarket"}
{"timestamp_utc": "2026-03-26T05:06:59Z", "market_key": "SOL5M_2026-03-26T05:10:00Z", "condition_id": "0x86f8127dfc6daea39c3c8b3fd04e34ae91c7c16284b0a20678d070db6cd7ca5b", "trade_id": "0x8e03e9379c37eebbc651c68e22c62bc36a9ad8a2c9541aee9b348ebcbf7570f8:75513021821518959018695871962495378398360392093707011016143021577642821514214:1774501619", "side": "buy", "price": 0.02, "size": 70.5, "outcome": "up", "asset": "75513021821518959018695871962495378398360392093707011016143021577642821514214", "transaction_hash": "0x8e03e9379c37eebbc651c68e22c62bc36a9ad8a2c9541aee9b348ebcbf7570f8", "source": "polymarket"}
{"timestamp_utc": "2026-03-26T05:07:03Z", "market_key": "SOL5M_2026-03-26T05:10:00Z", "condition_id": "0x86f8127dfc6daea39c3c8b3fd04e34ae91c7c16284b0a20678d070db6cd7ca5b", "trade_id": "0x1b7be2477685920ee56e76b827740c2c77a1fd9cf2f0beca862910faa19fa50b:60888286813205633381706156723557222885324390305369571496173942660264597290768:1774501623", "side": "sell", "price": 0.98, "size": 4.44, "outcome": "down", "asset": "60888286813205633381706156723557222885324390305369571496173942660264597290768", "transaction_hash": "0x1b7be2477685920ee56e76b827740c2c77a1fd9cf2f0beca862910faa19fa50b", "source": "polymarket"}
{"timestamp_utc": "2026-03-26T05:07:05Z", "market_key": "SOL5M_2026-03-26T05:10:00Z", "condition_id": "0x86f8127dfc6daea39c3c8b3fd04e34ae91c7c16284b0a20678d070db6cd7ca5b", "trade_id": "0x92c7858dbee65c227db01f942d65ae06255ed7c077e53bd0cce06e4097fe270f:60888286813205633381706156723557222885324390305369571496173942660264597290768:1774501625", "side": "buy", "price": 0.99, "size": 30.0, "outcome": "down", "asset": "60888286813205633381706156723557222885324390305369571496173942660264597290768", "transaction_hash": "0x92c7858dbee65c227db01f942d65ae06255ed7c077e53bd0cce06e4097fe270f", "source": "polymarket"}
{"timestamp_utc": "2026-03-26T05:07:05Z", "market_key": "SOL5M_2026-03-26T05:10:00Z", "condition_id": "0x86f8127dfc6daea39c3c8b3fd04e34ae91c7c16284b0a20678d070db6cd7ca5b", "trade_id": "0xb73987ae1b809df30efe703dfcb470a783c8804d14b6969fd89918b26f22db09:60888286813205633381706156723557222885324390305369571496173942660264597290768:1774501625", "side": "buy", "price": 0.99, "size": 2.0, "outcome": "down", "asset": "60888286813205633381706156723557222885324390305369571496173942660264597290768", "transaction_hash": "0xb73987ae1b809df30efe703dfcb470a783c8804d14b6969fd89918b26f22db09", "source": "polymarket"}
{"timestamp_utc": "2026-03-26T05:08:13Z", "market_key": "SOL5M_2026-03-26T05:10:00Z", "condition_id": "0x86f8127dfc6daea39c3c8b3fd04e34ae91c7c16284b0a20678d070db6cd7ca5b", "trade_id": "0x2fac05c7a992dc81b4cba1ea31941974030e91534cf9af0e19c12c314a3bb35f:60888286813205633381706156723557222885324390305369571496173942660264597290768:1774501693", "side": "buy", "price": 0.999, "size": 1.001, "outcome": "down", "asset": "60888286813205633381706156723557222885324390305369571496173942660264597290768", "transaction_hash": "0x2fac05c7a992dc81b4cba1ea31941974030e91534cf9af0e19c12c314a3bb35f", "source": "polymarket"}
