{"timestamp_utc": "2026-03-26T05:39:03Z", "market_key": "SOL5M_2026-03-26T05:55:00Z", "condition_id": "0x3986736ad9a15e8bb599701247445d1406cf341f3877acd3578cbaf913f61177", "trade_id": "0x5a07c08672d8c0f01daad61d24c55649bc4dfb9340a22fc258bcda085fc1a068:45582618031855614597896764054704163121803667227545980867798305002911149574140:1774503543", "side": "buy", "price": 0.51, "size": 10.0, "outcome": "up", "asset": "45582618031855614597896764054704163121803667227545980867798305002911149574140", "transaction_hash": "0x5a07c08672d8c0f01daad61d24c55649bc4dfb9340a22fc258bcda085fc1a068", "source": "polymarket"}
{"timestamp_utc": "2026-03-26T05:44:59Z", "market_key": "SOL5M_2026-03-26T05:55:00Z", "condition_id": "0x3986736ad9a15e8bb599701247445d1406cf341f3877acd3578cbaf913f61177", "trade_id": "0x2f71c3412f3562488724628f218b06fcf987711b6c0de58b6c45821e501f3cb2:45582618031855614597896764054704163121803667227545980867798305002911149574140:1774503899", "side": "buy", "price": 0.51, "size": 5.0, "outcome": "up", "asset": "45582618031855614597896764054704163121803667227545980867798305002911149574140", "transaction_hash": "0x2f71c3412f3562488724628f218b06fcf987711b6c0de58b6c45821e501f3cb2", "source": "polymarket"}
{"timestamp_utc": "2026-03-26T05:45:01Z", "market_key": "SOL5M_2026-03-26T05:55:00Z", "condition_id": "0x3986736ad9a15e8bb599701247445d1406cf341f3877acd3578cbaf913f61177", "trade_id": "0x0945b9abc32c032af0c6bebe0cc59e47416d9bfa0ade16717c1319c1bc852470:45582618031855614597896764054704163121803667227545980867798305002911149574140:1774503901", "side": "buy", "price": 0.52, "size": 10.0, "outcome": "up", "asset": "45582618031855614597896764054704163121803667227545980867798305002911149574140", "transaction_hash": "0x0945b9abc32c032af0c6bebe0cc59e47416d9bfa0ade16717c1319c1bc852470", "source": "polymarket"}
{"timestamp_utc": "2026-03-26T05:45:05Z", "market_key": "SOL5M_2026-03-26T05:55:00Z", "condition_id": "0x3986736ad9a15e8bb599701247445d1406cf341f3877acd3578cbaf913f61177", "trade_id": "0xea2d5b563641e94aef40b647c62f6d9986a681abf7096f195055138f71496f5b:45582618031855614597896764054704163121803667227545980867798305002911149574140:1774503905", "side": "buy", "price": 0.55, "size": 1.81818, "outcome": "up", "asset": "45582618031855614597896764054704163121803667227545980867798305002911149574140", "transaction_hash": "0xea2d5b563641e94aef40b647c62f6d9986a681abf7096f195055138f71496f5b", "source": "polymarket"}
{"timestamp_utc": "2026-03-26T05:45:05Z", "market_key": "SOL5M_2026-03-26T05:55:00Z", "condition_id": "0x3986736ad9a15e8bb599701247445d1406cf341f3877acd3578cbaf913f61177", "trade_id": "0x2cf8b299d1811c39f61b1b52dc1298a7302d9efdc3c70abd8fd9db021cb7a9f2:26366978288450934770133251141197440228187815521474375825247969579616440811646:1774503905", "side": "buy", "price": 0.47999982719988943, "size": 2.083332, "outcome": "down", "asset": "26366978288450934770133251141197440228187815521474375825247969579616440811646", "transaction_hash": "0x2cf8b299d1811c39f61b1b52dc1298a7302d9efdc3c70abd8fd9db021cb7a9f2", "source": "polymarket"}
{"timestamp_utc": "2026-03-26T05:45:05Z", "market_key": "SOL5M_2026-03-26T05:55:00Z", "condition_id": "0x3986736ad9a15e8bb599701247445d1406cf341f3877acd3578cbaf913f61177", "trade_id": "0xc17f166b90ae49559250aa5ffe2a8a48140c201cdaaa67164cbfb9eb927ad575:45582618031855614597896764054704163121803667227545980867798305002911149574140:1774503905", "side": "buy", "price": 0.53, "size": 10.0, "outcome": "up", "asset": "45582618031855614597896764054704163121803667227545980867798305002911149574140", "transaction_hash": "0xc17f166b90ae49559250aa5ffe2a8a48140c201cdaaa67164cbfb9eb927ad575", "source": "polymarket"}
{"timestamp_utc": "2026-03-26T05:45:05Z", "market_key": "SOL5M_2026-03-26T05:55:00Z", "condition_id": "0x3986736ad9a15e8bb599701247445d1406cf341f3877acd3578cbaf913f61177", "trade_id": "0x977afd4b625c4e3a10e3c509b0f70e6d3609dc208302e94c5a5bc150ad64fe69:26366978288450934770133251141197440228187815521474375825247969579616440811646:1774503905", "side": "buy", "price": 0.48, "size": 8.25, "outcome": "down", "asset": "26366978288450934770133251141197440228187815521474375825247969579616440811646", "transaction_hash": "0x977afd4b625c4e3a10e3c509b0f70e6d3609dc208302e94c5a5bc150ad64fe69", "source": "polymarket"}
{"timestamp_utc": "2026-03-26T05:45:07Z", "market_key": "SOL5M_2026-03-26T05:55:00Z", "condition_id": "0x3986736ad9a15e8bb599701247445d1406cf341f3877acd3578cbaf913f61177", "trade_id": "0x9e63d2e9661d6107573804fe9f8e10446b9cd5c4fa2d440a63e317bfb5d66d1c:26366978288450934770133251141197440228187815521474375825247969579616440811646:1774503907", "side": "buy", "price": 0.48, "size": 8.25, "outcome": "down", "asset": "26366978288450934770133251141197440228187815521474375825247969579616440811646", "transaction_hash": "0x9e63d2e9661d6107573804fe9f8e10446b9cd5c4fa2d440a63e317bfb5d66d1c", "source": "polymarket"}
{"timestamp_utc": "2026-03-26T05:45:11Z", "market_key": "SOL5M_2026-03-26T05:55:00Z", "condition_id": "0x3986736ad9a15e8bb599701247445d1406cf341f3877acd3578cbaf913f61177", "trade_id": "0x484c44bdca6d8010f10b3129212e4c2ecbe79473ecd890a93d89a43c6811a0dc:45582618031855614597896764054704163121803667227545980867798305002911149574140:1774503911", "side": "buy", "price": 0.529999980370359, "size": 3.056602, "outcome": "up", "asset": "45582618031855614597896764054704163121803667227545980867798305002911149574140", "transaction_hash": "0x484c44bdca6d8010f10b3129212e4c2ecbe79473ecd890a93d89a43c6811a0dc", "source": "polymarket"}
{"timestamp_utc": "2026-03-26T05:45:13Z", "market_key": "SOL5M_2026-03-26T05:55:00Z", "condition_id": "0x3986736ad9a15e8bb599701247445d1406cf341f3877acd3578cbaf913f61177", "trade_id": "0x00cbe51daa204e3d9a003d023d86abcd1fbb6f01fd1e9a4ce22f4193925ae048:26366978288450934770133251141197440228187815521474375825247969579616440811646:1774503913", "side": "buy", "price": 0.48, "size": 6.1875, "outcome": "down", "asset": "26366978288450934770133251141197440228187815521474375825247969579616440811646", "transaction_hash": "0x00cbe51daa204e3d9a003d023d86abcd1fbb6f01fd1e9a4ce22f4193925ae048", "source": "polymarket"}
{"timestamp_utc": "2026-03-26T05:45:21Z", "market_key": "SOL5M_2026-03-26T05:55:00Z", "condition_id": "0x3986736ad9a15e8bb599701247445d1406cf341f3877acd3578cbaf913f61177", "trade_id": "0x51120de548c04f1be5c771c0be77a09308d6a06a9646e6eb27c3a2e8635cb6ad:26366978288450934770133251141197440228187815521474375825247969579616440811646:1774503921", "side": "buy", "price": 0.48, "size": 6.1875, "outcome": "down", "asset": "26366978288450934770133251141197440228187815521474375825247969579616440811646", "transaction_hash": "0x51120de548c04f1be5c771c0be77a09308d6a06a9646e6eb27c3a2e8635cb6ad", "source": "polymarket"}
{"timestamp_utc": "2026-03-26T05:45:33Z", "market_key": "SOL5M_2026-03-26T05:55:00Z", "condition_id": "0x3986736ad9a15e8bb599701247445d1406cf341f3877acd3578cbaf913f61177", "trade_id": "0x37c13b12d4172369617cfe472c8299ec074c2acbd741627ec089ac36c4095479:26366978288450934770133251141197440228187815521474375825247969579616440811646:1774503933", "side": "buy", "price": 0.48, "size": 6.1875, "outcome": "down", "asset": "26366978288450934770133251141197440228187815521474375825247969579616440811646", "transaction_hash": "0x37c13b12d4172369617cfe472c8299ec074c2acbd741627ec089ac36c4095479", "source": "polymarket"}
{"timestamp_utc": "2026-03-26T05:45:35Z", "market_key": "SOL5M_2026-03-26T05:55:00Z", "condition_id": "0x3986736ad9a15e8bb599701247445d1406cf341f3877acd3578cbaf913f61177", "trade_id": "0xe2e8d60cf0765db496aee9b68031dbb498a564fcbec4bd2c75db15a8d12086d7:26366978288450934770133251141197440228187815521474375825247969579616440811646:1774503935", "side": "buy", "price": 0.48, "size": 6.1875, "outcome": "down", "asset": "26366978288450934770133251141197440228187815521474375825247969579616440811646", "transaction_hash": "0xe2e8d60cf0765db496aee9b68031dbb498a564fcbec4bd2c75db15a8d12086d7", "source": "polymarket"}
{"timestamp_utc": "2026-03-26T05:45:39Z", "market_key": "SOL5M_2026-03-26T05:55:00Z", "condition_id": "0x3986736ad9a15e8bb599701247445d1406cf341f3877acd3578cbaf913f61177", "trade_id": "0xd77c5321cae1df0ad43ac8aa14cf9c9558ccabd4d2e1f66145fa15021c58b741:26366978288450934770133251141197440228187815521474375825247969579616440811646:1774503939", "side": "buy", "price": 0.46999998813131044, "size": 8.42553, "outcome": "down", "asset": "26366978288450934770133251141197440228187815521474375825247969579616440811646", "transaction_hash": "0xd77c5321cae1df0ad43ac8aa14cf9c9558ccabd4d2e1f66145fa15021c58b741", "source": "polymarket"}
{"timestamp_utc": "2026-03-26T05:45:41Z", "market_key": "SOL5M_2026-03-26T05:55:00Z", "condition_id": "0x3986736ad9a15e8bb599701247445d1406cf341f3877acd3578cbaf913f61177", "trade_id": "0xe7a3b070356f2b0fab409b4b9f92db746a0981b4accfe0a14dff33cc20366cbc:26366978288450934770133251141197440228187815521474375825247969579616440811646:1774503941", "side": "buy", "price": 0.47810444097563753, "size": 8.282707, "outcome": "down", "asset": "26366978288450934770133251141197440228187815521474375825247969579616440811646", "transaction_hash": "0xe7a3b070356f2b0fab409b4b9f92db746a0981b4accfe0a14dff33cc20366cbc", "source": "polymarket"}
{"timestamp_utc": "2026-03-26T05:45:49Z", "market_key": "SOL5M_2026-03-26T05:55:00Z", "condition_id": "0x3986736ad9a15e8bb599701247445d1406cf341f3877acd3578cbaf913f61177", "trade_id": "0xb982dcbe40ce59ffcdc2036c91fd0f2fe42b4b8a082c1447cc486d0103d5254c:26366978288450934770133251141197440228187815521474375825247969579616440811646:1774503949", "side": "buy", "price": 0.46999998813131044, "size": 8.42553, "outcome": "down", "asset": "26366978288450934770133251141197440228187815521474375825247969579616440811646", "transaction_hash": "0xb982dcbe40ce59ffcdc2036c91fd0f2fe42b4b8a082c1447cc486d0103d5254c", "source": "polymarket"}
{"timestamp_utc": "2026-03-26T05:46:09Z", "market_key": "SOL5M_2026-03-26T05:55:00Z", "condition_id": "0x3986736ad9a15e8bb599701247445d1406cf341f3877acd3578cbaf913f61177", "trade_id": "0x825027e97b295e2a16f099d08ae4f0908aa9c33b4facf82b2b29cb1bed00d63e:26366978288450934770133251141197440228187815521474375825247969579616440811646:1774503969", "side": "buy", "price": 0.4699998871999519, "size": 3.191488, "outcome": "down", "asset": "26366978288450934770133251141197440228187815521474375825247969579616440811646", "transaction_hash": "0x825027e97b295e2a16f099d08ae4f0908aa9c33b4facf82b2b29cb1bed00d63e", "source": "polymarket"}
{"timestamp_utc": "2026-03-26T05:46:13Z", "market_key": "SOL5M_2026-03-26T05:55:00Z", "condition_id": "0x3986736ad9a15e8bb599701247445d1406cf341f3877acd3578cbaf913f61177", "trade_id": "0xf185fc7eb9eb31bd57f356027cd963a1254a8f76fa74dd2feee3067e9e42df64:26366978288450934770133251141197440228187815521474375825247969579616440811646:1774503973", "side": "buy", "price": 0.4701381446791266, "size": 6.31729, "outcome": "down", "asset": "26366978288450934770133251141197440228187815521474375825247969579616440811646", "transaction_hash": "0xf185fc7eb9eb31bd57f356027cd963a1254a8f76fa74dd2feee3067e9e42df64", "source": "polymarket"}
{"timestamp_utc": "2026-03-26T05:46:23Z", "market_key": "SOL5M_2026-03-26T05:55:00Z", "condition_id": "0x3986736ad9a15e8bb599701247445d1406cf341f3877acd3578cbaf913f61177", "trade_id": "0xea5c43c28cd48b74db63da3d190b7a7d21b818f2e631371c1611a4c1321ca1ea:26366978288450934770133251141197440228187815521474375825247969579616440811646:1774503983", "side": "buy", "price": 0.48, "size": 6.1875, "outcome": "down", "asset": "26366978288450934770133251141197440228187815521474375825247969579616440811646", "transaction_hash": "0xea5c43c28cd48b74db63da3d190b7a7d21b818f2e631371c1611a4c1321ca1ea", "source": "polymarket"}
{"timestamp_utc": "2026-03-26T05:46:25Z", "market_key": "SOL5M_2026-03-26T05:55:00Z", "condition_id": "0x3986736ad9a15e8bb599701247445d1406cf341f3877acd3578cbaf913f61177", "trade_id": "0x222bdbe282f16f438929784d6e974d2fb6bb084c90cc68e976a4c8a27b4c80d4:26366978288450934770133251141197440228187815521474375825247969579616440811646:1774503985", "side": "buy", "price": 0.48, "size": 6.1875, "outcome": "down", "asset": "26366978288450934770133251141197440228187815521474375825247969579616440811646", "transaction_hash": "0x222bdbe282f16f438929784d6e974d2fb6bb084c90cc68e976a4c8a27b4c80d4", "source": "polymarket"}
{"timestamp_utc": "2026-03-26T05:46:27Z", "market_key": "SOL5M_2026-03-26T05:55:00Z", "condition_id": "0x3986736ad9a15e8bb599701247445d1406cf341f3877acd3578cbaf913f61177", "trade_id": "0x2b4556ef33d0e85d613daa453173e962554126e4d19ffd8f4916012f61fd4d45:26366978288450934770133251141197440228187815521474375825247969579616440811646:1774503987", "side": "buy", "price": 0.48, "size": 6.1875, "outcome": "down", "asset": "26366978288450934770133251141197440228187815521474375825247969579616440811646", "transaction_hash": "0x2b4556ef33d0e85d613daa453173e962554126e4d19ffd8f4916012f61fd4d45", "source": "polymarket"}
{"timestamp_utc": "2026-03-26T05:46:31Z", "market_key": "SOL5M_2026-03-26T05:55:00Z", "condition_id": "0x3986736ad9a15e8bb599701247445d1406cf341f3877acd3578cbaf913f61177", "trade_id": "0xd568f3bd6c2f6437fba0ac36d35942e308b952219d9900d6b6f3e21cc5986fd2:26366978288450934770133251141197440228187815521474375825247969579616440811646:1774503991", "side": "buy", "price": 0.48, "size": 8.25, "outcome": "down", "asset": "26366978288450934770133251141197440228187815521474375825247969579616440811646", "transaction_hash": "0xd568f3bd6c2f6437fba0ac36d35942e308b952219d9900d6b6f3e21cc5986fd2", "source": "polymarket"}
{"timestamp_utc": "2026-03-26T05:46:33Z", "market_key": "SOL5M_2026-03-26T05:55:00Z", "condition_id": "0x3986736ad9a15e8bb599701247445d1406cf341f3877acd3578cbaf913f61177", "trade_id": "0xa215948eee44fadc01ec12c1bf3cbac658d2ede83f7af34e237bd80271c87bbb:26366978288450934770133251141197440228187815521474375825247969579616440811646:1774503993", "side": "buy", "price": 0.48, "size": 8.25, "outcome": "down", "asset": "26366978288450934770133251141197440228187815521474375825247969579616440811646", "transaction_hash": "0xa215948eee44fadc01ec12c1bf3cbac658d2ede83f7af34e237bd80271c87bbb", "source": "polymarket"}
{"timestamp_utc": "2026-03-26T05:46:35Z", "market_key": "SOL5M_2026-03-26T05:55:00Z", "condition_id": "0x3986736ad9a15e8bb599701247445d1406cf341f3877acd3578cbaf913f61177", "trade_id": "0x7152aefa882540f90726e39541984355b1eeed61e4b4641a8838cc8e6aa1a6da:26366978288450934770133251141197440228187815521474375825247969579616440811646:1774503995", "side": "buy", "price": 0.48, "size": 8.25, "outcome": "down", "asset": "26366978288450934770133251141197440228187815521474375825247969579616440811646", "transaction_hash": "0x7152aefa882540f90726e39541984355b1eeed61e4b4641a8838cc8e6aa1a6da", "source": "polymarket"}
{"timestamp_utc": "2026-03-26T05:46:45Z", "market_key": "SOL5M_2026-03-26T05:55:00Z", "condition_id": "0x3986736ad9a15e8bb599701247445d1406cf341f3877acd3578cbaf913f61177", "trade_id": "0x90022dde6f23a1c3da066f542cec34d31d9a13fa46904f5b1a09c9e27bdcfe00:26366978288450934770133251141197440228187815521474375825247969579616440811646:1774504005", "side": "buy", "price": 0.48, "size": 6.1875, "outcome": "down", "asset": "26366978288450934770133251141197440228187815521474375825247969579616440811646", "transaction_hash": "0x90022dde6f23a1c3da066f542cec34d31d9a13fa46904f5b1a09c9e27bdcfe00", "source": "polymarket"}
{"timestamp_utc": "2026-03-26T05:47:05Z", "market_key": "SOL5M_2026-03-26T05:55:00Z", "condition_id": "0x3986736ad9a15e8bb599701247445d1406cf341f3877acd3578cbaf913f61177", "trade_id": "0xb91012c495092286c022c6f0a9e7a4761db75a8f5cf32fe574c764eab5ab110d:26366978288450934770133251141197440228187815521474375825247969579616440811646:1774504025", "side": "buy", "price": 0.48, "size": 6.1875, "outcome": "down", "asset": "26366978288450934770133251141197440228187815521474375825247969579616440811646", "transaction_hash": "0xb91012c495092286c022c6f0a9e7a4761db75a8f5cf32fe574c764eab5ab110d", "source": "polymarket"}
{"timestamp_utc": "2026-03-26T05:47:11Z", "market_key": "SOL5M_2026-03-26T05:55:00Z", "condition_id": "0x3986736ad9a15e8bb599701247445d1406cf341f3877acd3578cbaf913f61177", "trade_id": "0xcb7496fe9e02de1dbb4396159278cd3c50062d5149e247b772b7f2236bc8a600:26366978288450934770133251141197440228187815521474375825247969579616440811646:1774504031", "side": "buy", "price": 0.48, "size": 6.1875, "outcome": "down", "asset": "26366978288450934770133251141197440228187815521474375825247969579616440811646", "transaction_hash": "0xcb7496fe9e02de1dbb4396159278cd3c50062d5149e247b772b7f2236bc8a600", "source": "polymarket"}
{"timestamp_utc": "2026-03-26T05:47:13Z", "market_key": "SOL5M_2026-03-26T05:55:00Z", "condition_id": "0x3986736ad9a15e8bb599701247445d1406cf341f3877acd3578cbaf913f61177", "trade_id": "0xe058257f9e64eb25d642c887789f3433aa7be9369cbac6128b27a8b58c1676c9:26366978288450934770133251141197440228187815521474375825247969579616440811646:1774504033", "side": "buy", "price": 0.48, "size": 6.1875, "outcome": "down", "asset": "26366978288450934770133251141197440228187815521474375825247969579616440811646", "transaction_hash": "0xe058257f9e64eb25d642c887789f3433aa7be9369cbac6128b27a8b58c1676c9", "source": "polymarket"}
{"timestamp_utc": "2026-03-26T05:47:15Z", "market_key": "SOL5M_2026-03-26T05:55:00Z", "condition_id": "0x3986736ad9a15e8bb599701247445d1406cf341f3877acd3578cbaf913f61177", "trade_id": "0xff35e2216901d7399d1cef7f2852b2e5c1c19be76f65895eb676c9a5588f7c1e:26366978288450934770133251141197440228187815521474375825247969579616440811646:1774504035", "side": "buy", "price": 0.48, "size": 6.1875, "outcome": "down", "asset": "26366978288450934770133251141197440228187815521474375825247969579616440811646", "transaction_hash": "0xff35e2216901d7399d1cef7f2852b2e5c1c19be76f65895eb676c9a5588f7c1e", "source": "polymarket"}
{"timestamp_utc": "2026-03-26T05:47:23Z", "market_key": "SOL5M_2026-03-26T05:55:00Z", "condition_id": "0x3986736ad9a15e8bb599701247445d1406cf341f3877acd3578cbaf913f61177", "trade_id": "0x9b390c7e6c34578946a2a8017d80e51dc2188200bbd5ca3dc2e42dbd8b449129:26366978288450934770133251141197440228187815521474375825247969579616440811646:1774504043", "side": "buy", "price": 0.48, "size": 6.1875, "outcome": "down", "asset": "26366978288450934770133251141197440228187815521474375825247969579616440811646", "transaction_hash": "0x9b390c7e6c34578946a2a8017d80e51dc2188200bbd5ca3dc2e42dbd8b449129", "source": "polymarket"}
{"timestamp_utc": "2026-03-26T05:47:23Z", "market_key": "SOL5M_2026-03-26T05:55:00Z", "condition_id": "0x3986736ad9a15e8bb599701247445d1406cf341f3877acd3578cbaf913f61177", "trade_id": "0xe6ebf4906ef1f453f11b729ad9303eb02b35008ba02651f3eacd725677a86960:26366978288450934770133251141197440228187815521474375825247969579616440811646:1774504043", "side": "buy", "price": 0.48, "size": 8.25, "outcome": "down", "asset": "26366978288450934770133251141197440228187815521474375825247969579616440811646", "transaction_hash": "0xe6ebf4906ef1f453f11b729ad9303eb02b35008ba02651f3eacd725677a86960", "source": "polymarket"}
{"timestamp_utc": "2026-03-26T05:47:37Z", "market_key": "SOL5M_2026-03-26T05:55:00Z", "condition_id": "0x3986736ad9a15e8bb599701247445d1406cf341f3877acd3578cbaf913f61177", "trade_id": "0x05fb0b98027489ff545cc395e960a2452b2aa7a733103376c3044efad37e2d9a:26366978288450934770133251141197440228187815521474375825247969579616440811646:1774504057", "side": "buy", "price": 0.4699999857575714, "size": 6.319147, "outcome": "down", "asset": "26366978288450934770133251141197440228187815521474375825247969579616440811646", "transaction_hash": "0x05fb0b98027489ff545cc395e960a2452b2aa7a733103376c3044efad37e2d9a", "source": "polymarket"}
{"timestamp_utc": "2026-03-26T05:47:39Z", "market_key": "SOL5M_2026-03-26T05:55:00Z", "condition_id": "0x3986736ad9a15e8bb599701247445d1406cf341f3877acd3578cbaf913f61177", "trade_id": "0xb1dff4ea5f99f5ba1240c852ae6dcfa8b2e861959171ac0d5038be86c42838b2:26366978288450934770133251141197440228187815521474375825247969579616440811646:1774504059", "side": "buy", "price": 0.46999998813131044, "size": 8.42553, "outcome": "down", "asset": "26366978288450934770133251141197440228187815521474375825247969579616440811646", "transaction_hash": "0xb1dff4ea5f99f5ba1240c852ae6dcfa8b2e861959171ac0d5038be86c42838b2", "source": "polymarket"}
{"timestamp_utc": "2026-03-26T05:47:39Z", "market_key": "SOL5M_2026-03-26T05:55:00Z", "condition_id": "0x3986736ad9a15e8bb599701247445d1406cf341f3877acd3578cbaf913f61177", "trade_id": "0x87a2ed21a6fe0490769da9aa30559721dca273071c0bdb042a848ea1074d2ecb:26366978288450934770133251141197440228187815521474375825247969579616440811646:1774504059", "side": "buy", "price": 0.46999998813131044, "size": 8.42553, "outcome": "down", "asset": "26366978288450934770133251141197440228187815521474375825247969579616440811646", "transaction_hash": "0x87a2ed21a6fe0490769da9aa30559721dca273071c0bdb042a848ea1074d2ecb", "source": "polymarket"}
{"timestamp_utc": "2026-03-26T05:47:45Z", "market_key": "SOL5M_2026-03-26T05:55:00Z", "condition_id": "0x3986736ad9a15e8bb599701247445d1406cf341f3877acd3578cbaf913f61177", "trade_id": "0xd5d11849ddadb92eb766aeb61b729a05f7cb3c0a18a70826f7f2e68a2eb3b249:26366978288450934770133251141197440228187815521474375825247969579616440811646:1774504065", "side": "buy", "price": 0.4699999857575714, "size": 6.319147, "outcome": "down", "asset": "26366978288450934770133251141197440228187815521474375825247969579616440811646", "transaction_hash": "0xd5d11849ddadb92eb766aeb61b729a05f7cb3c0a18a70826f7f2e68a2eb3b249", "source": "polymarket"}
{"timestamp_utc": "2026-03-26T05:47:55Z", "market_key": "SOL5M_2026-03-26T05:55:00Z", "condition_id": "0x3986736ad9a15e8bb599701247445d1406cf341f3877acd3578cbaf913f61177", "trade_id": "0x6aaab9f0136fad31fe6dfd5fe59e81acb4d584ada28bd280bc60b8d1b23e040c:26366978288450934770133251141197440228187815521474375825247969579616440811646:1774504075", "side": "buy", "price": 0.4699999857575714, "size": 6.319147, "outcome": "down", "asset": "26366978288450934770133251141197440228187815521474375825247969579616440811646", "transaction_hash": "0x6aaab9f0136fad31fe6dfd5fe59e81acb4d584ada28bd280bc60b8d1b23e040c", "source": "polymarket"}
{"timestamp_utc": "2026-03-26T05:48:01Z", "market_key": "SOL5M_2026-03-26T05:55:00Z", "condition_id": "0x3986736ad9a15e8bb599701247445d1406cf341f3877acd3578cbaf913f61177", "trade_id": "0x7fd2ba5a38d5d5a135c4f4d740b1401a7a421303e7a1b945df730ee19284c773:26366978288450934770133251141197440228187815521474375825247969579616440811646:1774504081", "side": "buy", "price": 0.46999998813131044, "size": 8.42553, "outcome": "down", "asset": "26366978288450934770133251141197440228187815521474375825247969579616440811646", "transaction_hash": "0x7fd2ba5a38d5d5a135c4f4d740b1401a7a421303e7a1b945df730ee19284c773", "source": "polymarket"}
{"timestamp_utc": "2026-03-26T05:48:29Z", "market_key": "SOL5M_2026-03-26T05:55:00Z", "condition_id": "0x3986736ad9a15e8bb599701247445d1406cf341f3877acd3578cbaf913f61177", "trade_id": "0xa883279617f8589eee9622e00cf0c0eeccf5bbb5a5145b17d6bc7996f209e3ad:26366978288450934770133251141197440228187815521474375825247969579616440811646:1774504109", "side": "buy", "price": 0.46999998813131044, "size": 8.42553, "outcome": "down", "asset": "26366978288450934770133251141197440228187815521474375825247969579616440811646", "transaction_hash": "0xa883279617f8589eee9622e00cf0c0eeccf5bbb5a5145b17d6bc7996f209e3ad", "source": "polymarket"}
{"timestamp_utc": "2026-03-26T05:48:37Z", "market_key": "SOL5M_2026-03-26T05:55:00Z", "condition_id": "0x3986736ad9a15e8bb599701247445d1406cf341f3877acd3578cbaf913f61177", "trade_id": "0xac536b3ec53e88f7c7f0b9af13c16e877bf5252d82281378b5082f90889ace39:26366978288450934770133251141197440228187815521474375825247969579616440811646:1774504117", "side": "buy", "price": 0.46999998813131044, "size": 8.42553, "outcome": "down", "asset": "26366978288450934770133251141197440228187815521474375825247969579616440811646", "transaction_hash": "0xac536b3ec53e88f7c7f0b9af13c16e877bf5252d82281378b5082f90889ace39", "source": "polymarket"}
{"timestamp_utc": "2026-03-26T05:48:43Z", "market_key": "SOL5M_2026-03-26T05:55:00Z", "condition_id": "0x3986736ad9a15e8bb599701247445d1406cf341f3877acd3578cbaf913f61177", "trade_id": "0x350edc60df026181fd3a8620c48bf05304a382d0e9890a890e207f8f8d08bc26:45582618031855614597896764054704163121803667227545980867798305002911149574140:1774504123", "side": "buy", "price": 0.54, "size": 9.0, "outcome": "up", "asset": "45582618031855614597896764054704163121803667227545980867798305002911149574140", "transaction_hash": "0x350edc60df026181fd3a8620c48bf05304a382d0e9890a890e207f8f8d08bc26", "source": "polymarket"}
{"timestamp_utc": "2026-03-26T05:48:43Z", "market_key": "SOL5M_2026-03-26T05:55:00Z", "condition_id": "0x3986736ad9a15e8bb599701247445d1406cf341f3877acd3578cbaf913f61177", "trade_id": "0x132c8b1607b1b0a0911eaba67d32729efd28ad585c2c43f68d08c71b94455b3f:26366978288450934770133251141197440228187815521474375825247969579616440811646:1774504123", "side": "buy", "price": 0.4699999857575714, "size": 6.319147, "outcome": "down", "asset": "26366978288450934770133251141197440228187815521474375825247969579616440811646", "transaction_hash": "0x132c8b1607b1b0a0911eaba67d32729efd28ad585c2c43f68d08c71b94455b3f", "source": "polymarket"}
{"timestamp_utc": "2026-03-26T05:48:53Z", "market_key": "SOL5M_2026-03-26T05:55:00Z", "condition_id": "0x3986736ad9a15e8bb599701247445d1406cf341f3877acd3578cbaf913f61177", "trade_id": "0xdbb33e4721c91fb55d6f45fb6923d90cefc8e7e23eed29906e4546c3c823779e:26366978288450934770133251141197440228187815521474375825247969579616440811646:1774504133", "side": "buy", "price": 0.46999998813131044, "size": 8.42553, "outcome": "down", "asset": "26366978288450934770133251141197440228187815521474375825247969579616440811646", "transaction_hash": "0xdbb33e4721c91fb55d6f45fb6923d90cefc8e7e23eed29906e4546c3c823779e", "source": "polymarket"}
{"timestamp_utc": "2026-03-26T05:49:03Z", "market_key": "SOL5M_2026-03-26T05:55:00Z", "condition_id": "0x3986736ad9a15e8bb599701247445d1406cf341f3877acd3578cbaf913f61177", "trade_id": "0x7ef1490043b513ef64f41f823b77d0306cfba1a81d1373479301e0fa3bcb2098:26366978288450934770133251141197440228187815521474375825247969579616440811646:1774504143", "side": "buy", "price": 0.4699999857575714, "size": 6.319147, "outcome": "down", "asset": "26366978288450934770133251141197440228187815521474375825247969579616440811646", "transaction_hash": "0x7ef1490043b513ef64f41f823b77d0306cfba1a81d1373479301e0fa3bcb2098", "source": "polymarket"}
{"timestamp_utc": "2026-03-26T05:49:07Z", "market_key": "SOL5M_2026-03-26T05:55:00Z", "condition_id": "0x3986736ad9a15e8bb599701247445d1406cf341f3877acd3578cbaf913f61177", "trade_id": "0xd96366a28426ed6945704f0e8d5aa057d0bc7558b5029cfc48e5e413f8a3a459:45582618031855614597896764054704163121803667227545980867798305002911149574140:1774504147", "side": "buy", "price": 0.5476271186440678, "size": 59.0, "outcome": "up", "asset": "45582618031855614597896764054704163121803667227545980867798305002911149574140", "transaction_hash": "0xd96366a28426ed6945704f0e8d5aa057d0bc7558b5029cfc48e5e413f8a3a459", "source": "polymarket"}
{"timestamp_utc": "2026-03-26T05:49:19Z", "market_key": "SOL5M_2026-03-26T05:55:00Z", "condition_id": "0x3986736ad9a15e8bb599701247445d1406cf341f3877acd3578cbaf913f61177", "trade_id": "0xf120fc4f7630b1c1d6ab1044153252b9df1fd0438f1ec1d83e86034f8f1eda56:26366978288450934770133251141197440228187815521474375825247969579616440811646:1774504159", "side": "buy", "price": 0.45, "size": 8.8, "outcome": "down", "asset": "26366978288450934770133251141197440228187815521474375825247969579616440811646", "transaction_hash": "0xf120fc4f7630b1c1d6ab1044153252b9df1fd0438f1ec1d83e86034f8f1eda56", "source": "polymarket"}
{"timestamp_utc": "2026-03-26T05:49:23Z", "market_key": "SOL5M_2026-03-26T05:55:00Z", "condition_id": "0x3986736ad9a15e8bb599701247445d1406cf341f3877acd3578cbaf913f61177", "trade_id": "0xb2cbd072e189725eb0c482c14e37af1766169e729b99da2fb6a06f005213c7c5:26366978288450934770133251141197440228187815521474375825247969579616440811646:1774504163", "side": "buy", "price": 0.45, "size": 7.84, "outcome": "down", "asset": "26366978288450934770133251141197440228187815521474375825247969579616440811646", "transaction_hash": "0xb2cbd072e189725eb0c482c14e37af1766169e729b99da2fb6a06f005213c7c5", "source": "polymarket"}
{"timestamp_utc": "2026-03-26T05:49:33Z", "market_key": "SOL5M_2026-03-26T05:55:00Z", "condition_id": "0x3986736ad9a15e8bb599701247445d1406cf341f3877acd3578cbaf913f61177", "trade_id": "0x8fa9b3a3b273199698065682081e464235d4e6f983ce042812746500f6cd24dd:26366978288450934770133251141197440228187815521474375825247969579616440811646:1774504173", "side": "buy", "price": 0.45, "size": 8.8, "outcome": "down", "asset": "26366978288450934770133251141197440228187815521474375825247969579616440811646", "transaction_hash": "0x8fa9b3a3b273199698065682081e464235d4e6f983ce042812746500f6cd24dd", "source": "polymarket"}
{"timestamp_utc": "2026-03-26T05:49:37Z", "market_key": "SOL5M_2026-03-26T05:55:00Z", "condition_id": "0x3986736ad9a15e8bb599701247445d1406cf341f3877acd3578cbaf913f61177", "trade_id": "0x421965783e27f7740a40b397687116f8dd7e9b7c9a3bfe9ac79f40a08522117a:45582618031855614597896764054704163121803667227545980867798305002911149574140:1774504177", "side": "buy", "price": 0.56, "size": 42.0, "outcome": "up", "asset": "45582618031855614597896764054704163121803667227545980867798305002911149574140", "transaction_hash": "0x421965783e27f7740a40b397687116f8dd7e9b7c9a3bfe9ac79f40a08522117a", "source": "polymarket"}
{"timestamp_utc": "2026-03-26T05:49:45Z", "market_key": "SOL5M_2026-03-26T05:55:00Z", "condition_id": "0x3986736ad9a15e8bb599701247445d1406cf341f3877acd3578cbaf913f61177", "trade_id": "0x3a009b074e290c25d532c5036548c1d56de29eeb708f3689aefc5e9ca51299d1:26366978288450934770133251141197440228187815521474375825247969579616440811646:1774504185", "side": "buy", "price": 0.44, "size": 9.0, "outcome": "down", "asset": "26366978288450934770133251141197440228187815521474375825247969579616440811646", "transaction_hash": "0x3a009b074e290c25d532c5036548c1d56de29eeb708f3689aefc5e9ca51299d1", "source": "polymarket"}
{"timestamp_utc": "2026-03-26T05:49:53Z", "market_key": "SOL5M_2026-03-26T05:55:00Z", "condition_id": "0x3986736ad9a15e8bb599701247445d1406cf341f3877acd3578cbaf913f61177", "trade_id": "0xd63e5997480d18922408dd895f8a9f57ce3fe447c0ca86003e8073346fe3aa4e:26366978288450934770133251141197440228187815521474375825247969579616440811646:1774504193", "side": "buy", "price": 0.44, "size": 9.0, "outcome": "down", "asset": "26366978288450934770133251141197440228187815521474375825247969579616440811646", "transaction_hash": "0xd63e5997480d18922408dd895f8a9f57ce3fe447c0ca86003e8073346fe3aa4e", "source": "polymarket"}
{"timestamp_utc": "2026-03-26T05:49:57Z", "market_key": "SOL5M_2026-03-26T05:55:00Z", "condition_id": "0x3986736ad9a15e8bb599701247445d1406cf341f3877acd3578cbaf913f61177", "trade_id": "0xba630da7a4479a1897aa3e34b3fa43ad4e366e599277fef226a2bf0c4b754939:26366978288450934770133251141197440228187815521474375825247969579616440811646:1774504197", "side": "buy", "price": 0.44, "size": 9.0, "outcome": "down", "asset": "26366978288450934770133251141197440228187815521474375825247969579616440811646", "transaction_hash": "0xba630da7a4479a1897aa3e34b3fa43ad4e366e599277fef226a2bf0c4b754939", "source": "polymarket"}
{"timestamp_utc": "2026-03-26T05:50:03Z", "market_key": "SOL5M_2026-03-26T05:55:00Z", "condition_id": "0x3986736ad9a15e8bb599701247445d1406cf341f3877acd3578cbaf913f61177", "trade_id": "0xac83812e151ba19ed46525aaec960d8cf1039e1d83730e47e3bff0162a0d85e0:45582618031855614597896764054704163121803667227545980867798305002911149574140:1774504203", "side": "buy", "price": 0.5699999711999953, "size": 8.333332, "outcome": "up", "asset": "45582618031855614597896764054704163121803667227545980867798305002911149574140", "transaction_hash": "0xac83812e151ba19ed46525aaec960d8cf1039e1d83730e47e3bff0162a0d85e0", "source": "polymarket"}
{"timestamp_utc": "2026-03-26T05:50:03Z", "market_key": "SOL5M_2026-03-26T05:55:00Z", "condition_id": "0x3986736ad9a15e8bb599701247445d1406cf341f3877acd3578cbaf913f61177", "trade_id": "0x4b5a9a914dbec1d4b60b1d367c48669c6df106f0787b0e6f453bbc769ad72064:26366978288450934770133251141197440228187815521474375825247969579616440811646:1774504203", "side": "buy", "price": 0.44, "size": 9.0, "outcome": "down", "asset": "26366978288450934770133251141197440228187815521474375825247969579616440811646", "transaction_hash": "0x4b5a9a914dbec1d4b60b1d367c48669c6df106f0787b0e6f453bbc769ad72064", "source": "polymarket"}
{"timestamp_utc": "2026-03-26T05:50:03Z", "market_key": "SOL5M_2026-03-26T05:55:00Z", "condition_id": "0x3986736ad9a15e8bb599701247445d1406cf341f3877acd3578cbaf913f61177", "trade_id": "0x73195ed31a571d1ede53fe652705de7799210df30c61b68fa163b502d6e0fcf7:26366978288450934770133251141197440228187815521474375825247969579616440811646:1774504203", "side": "buy", "price": 0.43999997267080065, "size": 7.31818, "outcome": "down", "asset": "26366978288450934770133251141197440228187815521474375825247969579616440811646", "transaction_hash": "0x73195ed31a571d1ede53fe652705de7799210df30c61b68fa163b502d6e0fcf7", "source": "polymarket"}
{"timestamp_utc": "2026-03-26T05:50:03Z", "market_key": "SOL5M_2026-03-26T05:55:00Z", "condition_id": "0x3986736ad9a15e8bb599701247445d1406cf341f3877acd3578cbaf913f61177", "trade_id": "0xaca442b66c0f7274918b29dfa9ace97a2a5ca69db2d12f4e9cbf691d9e403165:45582618031855614597896764054704163121803667227545980867798305002911149574140:1774504203", "side": "buy", "price": 0.5699999965799997, "size": 17.543858, "outcome": "up", "asset": "45582618031855614597896764054704163121803667227545980867798305002911149574140", "transaction_hash": "0xaca442b66c0f7274918b29dfa9ace97a2a5ca69db2d12f4e9cbf691d9e403165", "source": "polymarket"}
{"timestamp_utc": "2026-03-26T05:50:05Z", "market_key": "SOL5M_2026-03-26T05:55:00Z", "condition_id": "0x3986736ad9a15e8bb599701247445d1406cf341f3877acd3578cbaf913f61177", "trade_id": "0xb370e17791c32da3862ff085c6887e7dfe3ee249eb76eedb42b0fe4005e60d0c:45582618031855614597896764054704163121803667227545980867798305002911149574140:1774504205", "side": "buy", "price": 0.5599999316610021, "size": 5.267856, "outcome": "up", "asset": "45582618031855614597896764054704163121803667227545980867798305002911149574140", "transaction_hash": "0xb370e17791c32da3862ff085c6887e7dfe3ee249eb76eedb42b0fe4005e60d0c", "source": "polymarket"}
{"timestamp_utc": "2026-03-26T05:50:05Z", "market_key": "SOL5M_2026-03-26T05:55:00Z", "condition_id": "0x3986736ad9a15e8bb599701247445d1406cf341f3877acd3578cbaf913f61177", "trade_id": "0x69825518900d55ad46d62a927c9ab3859311b050e7effef084518997b19281e8:26366978288450934770133251141197440228187815521474375825247969579616440811646:1774504205", "side": "buy", "price": 0.44, "size": 6.89, "outcome": "down", "asset": "26366978288450934770133251141197440228187815521474375825247969579616440811646", "transaction_hash": "0x69825518900d55ad46d62a927c9ab3859311b050e7effef084518997b19281e8", "source": "polymarket"}
{"timestamp_utc": "2026-03-26T05:50:05Z", "market_key": "SOL5M_2026-03-26T05:55:00Z", "condition_id": "0x3986736ad9a15e8bb599701247445d1406cf341f3877acd3578cbaf913f61177", "trade_id": "0x35e880a9c1a8a84bd0aeba20e4202a43f7d7480ac18b2d62f97e782b4429fdfa:26366978288450934770133251141197440228187815521474375825247969579616440811646:1774504205", "side": "buy", "price": 0.45, "size": 6.0, "outcome": "down", "asset": "26366978288450934770133251141197440228187815521474375825247969579616440811646", "transaction_hash": "0x35e880a9c1a8a84bd0aeba20e4202a43f7d7480ac18b2d62f97e782b4429fdfa", "source": "polymarket"}
{"timestamp_utc": "2026-03-26T05:50:05Z", "market_key": "SOL5M_2026-03-26T05:55:00Z", "condition_id": "0x3986736ad9a15e8bb599701247445d1406cf341f3877acd3578cbaf913f61177", "trade_id": "0x2f0476f5f507a1e092adaf6d299ed69c405b3b1384d04105cebde541bc5e3f39:26366978288450934770133251141197440228187815521474375825247969579616440811646:1774504205", "side": "buy", "price": 0.45, "size": 17.0, "outcome": "down", "asset": "26366978288450934770133251141197440228187815521474375825247969579616440811646", "transaction_hash": "0x2f0476f5f507a1e092adaf6d299ed69c405b3b1384d04105cebde541bc5e3f39", "source": "polymarket"}
{"timestamp_utc": "2026-03-26T05:50:05Z", "market_key": "SOL5M_2026-03-26T05:55:00Z", "condition_id": "0x3986736ad9a15e8bb599701247445d1406cf341f3877acd3578cbaf913f61177", "trade_id": "0x8fe32d624e2bbe9857f0e6199852259b656cc9387582a71af43c4c654552fd6e:45582618031855614597896764054704163121803667227545980867798305002911149574140:1774504205", "side": "buy", "price": 0.5699999672413624, "size": 3.05263, "outcome": "up", "asset": "45582618031855614597896764054704163121803667227545980867798305002911149574140", "transaction_hash": "0x8fe32d624e2bbe9857f0e6199852259b656cc9387582a71af43c4c654552fd6e", "source": "polymarket"}
{"timestamp_utc": "2026-03-26T05:50:05Z", "market_key": "SOL5M_2026-03-26T05:55:00Z", "condition_id": "0x3986736ad9a15e8bb599701247445d1406cf341f3877acd3578cbaf913f61177", "trade_id": "0xd834d0448518dc6d5890509e362bc4d3e9ecd272ff00f9caa1a6a144766aec87:26366978288450934770133251141197440228187815521474375825247969579616440811646:1774504205", "side": "buy", "price": 0.444331889823885, "size": 7.021776, "outcome": "down", "asset": "26366978288450934770133251141197440228187815521474375825247969579616440811646", "transaction_hash": "0xd834d0448518dc6d5890509e362bc4d3e9ecd272ff00f9caa1a6a144766aec87", "source": "polymarket"}
{"timestamp_utc": "2026-03-26T05:50:07Z", "market_key": "SOL5M_2026-03-26T05:55:00Z", "condition_id": "0x3986736ad9a15e8bb599701247445d1406cf341f3877acd3578cbaf913f61177", "trade_id": "0x587c5c76f8a642b7be7adb11d091126a1aedcd04b3dc6b87c6ec1ca211b09394:45582618031855614597896764054704163121803667227545980867798305002911149574140:1774504207", "side": "buy", "price": 0.56, "size": 5.26, "outcome": "up", "asset": "45582618031855614597896764054704163121803667227545980867798305002911149574140", "transaction_hash": "0x587c5c76f8a642b7be7adb11d091126a1aedcd04b3dc6b87c6ec1ca211b09394", "source": "polymarket"}
{"timestamp_utc": "2026-03-26T05:50:07Z", "market_key": "SOL5M_2026-03-26T05:55:00Z", "condition_id": "0x3986736ad9a15e8bb599701247445d1406cf341f3877acd3578cbaf913f61177", "trade_id": "0xc3d9cc35e0f569417d06f4fb21a9a34c4c906922641dd9bdb77955d0491d0bdc:45582618031855614597896764054704163121803667227545980867798305002911149574140:1774504207", "side": "buy", "price": 0.55, "size": 9.78, "outcome": "up", "asset": "45582618031855614597896764054704163121803667227545980867798305002911149574140", "transaction_hash": "0xc3d9cc35e0f569417d06f4fb21a9a34c4c906922641dd9bdb77955d0491d0bdc", "source": "polymarket"}
{"timestamp_utc": "2026-03-26T05:50:07Z", "market_key": "SOL5M_2026-03-26T05:55:00Z", "condition_id": "0x3986736ad9a15e8bb599701247445d1406cf341f3877acd3578cbaf913f61177", "trade_id": "0xd929a3df3341b693cc9b86798c0a661ce175886759ebfa4ebad75a1771af1d59:26366978288450934770133251141197440228187815521474375825247969579616440811646:1774504207", "side": "buy", "price": 0.48, "size": 106.25, "outcome": "down", "asset": "26366978288450934770133251141197440228187815521474375825247969579616440811646", "transaction_hash": "0xd929a3df3341b693cc9b86798c0a661ce175886759ebfa4ebad75a1771af1d59", "source": "polymarket"}
{"timestamp_utc": "2026-03-26T05:50:07Z", "market_key": "SOL5M_2026-03-26T05:55:00Z", "condition_id": "0x3986736ad9a15e8bb599701247445d1406cf341f3877acd3578cbaf913f61177", "trade_id": "0x9782cf319207e5d80a802af7090931064d29f049e6154ff01bd06b0cd37800bf:26366978288450934770133251141197440228187815521474375825247969579616440811646:1774504207", "side": "buy", "price": 0.45, "size": 20.1, "outcome": "down", "asset": "26366978288450934770133251141197440228187815521474375825247969579616440811646", "transaction_hash": "0x9782cf319207e5d80a802af7090931064d29f049e6154ff01bd06b0cd37800bf", "source": "polymarket"}
{"timestamp_utc": "2026-03-26T05:50:07Z", "market_key": "SOL5M_2026-03-26T05:55:00Z", "condition_id": "0x3986736ad9a15e8bb599701247445d1406cf341f3877acd3578cbaf913f61177", "trade_id": "0xa8a22323373e9794f67fa38f42eb5af78a25360643ffcaba51b92fe5553347d3:26366978288450934770133251141197440228187815521474375825247969579616440811646:1774504207", "side": "buy", "price": 0.4699999857575714, "size": 6.319147, "outcome": "down", "asset": "26366978288450934770133251141197440228187815521474375825247969579616440811646", "transaction_hash": "0xa8a22323373e9794f67fa38f42eb5af78a25360643ffcaba51b92fe5553347d3", "source": "polymarket"}
{"timestamp_utc": "2026-03-26T05:50:07Z", "market_key": "SOL5M_2026-03-26T05:55:00Z", "condition_id": "0x3986736ad9a15e8bb599701247445d1406cf341f3877acd3578cbaf913f61177", "trade_id": "0xe88d5c3b81e426d6fc7e75cb78a50d723d36a6216d68cf1e0b696d44d353a180:45582618031855614597896764054704163121803667227545980867798305002911149574140:1774504207", "side": "buy", "price": 0.56, "size": 37.0, "outcome": "up", "asset": "45582618031855614597896764054704163121803667227545980867798305002911149574140", "transaction_hash": "0xe88d5c3b81e426d6fc7e75cb78a50d723d36a6216d68cf1e0b696d44d353a180", "source": "polymarket"}
{"timestamp_utc": "2026-03-26T05:50:09Z", "market_key": "SOL5M_2026-03-26T05:55:00Z", "condition_id": "0x3986736ad9a15e8bb599701247445d1406cf341f3877acd3578cbaf913f61177", "trade_id": "0xf02749fbb9c39a0f6be601f545c58b4350fe831976ad18c787f3ca7f6b484aa8:26366978288450934770133251141197440228187815521474375825247969579616440811646:1774504209", "side": "buy", "price": 0.4673333333333333, "size": 15.0, "outcome": "down", "asset": "26366978288450934770133251141197440228187815521474375825247969579616440811646", "transaction_hash": "0xf02749fbb9c39a0f6be601f545c58b4350fe831976ad18c787f3ca7f6b484aa8", "source": "polymarket"}
{"timestamp_utc": "2026-03-26T05:50:09Z", "market_key": "SOL5M_2026-03-26T05:55:00Z", "condition_id": "0x3986736ad9a15e8bb599701247445d1406cf341f3877acd3578cbaf913f61177", "trade_id": "0xe52b82010b66eeb038f0a2fa23ce7a50a549010116ce63e66f5b3e5967539c76:26366978288450934770133251141197440228187815521474375825247969579616440811646:1774504209", "side": "buy", "price": 0.46, "size": 15.0, "outcome": "down", "asset": "26366978288450934770133251141197440228187815521474375825247969579616440811646", "transaction_hash": "0xe52b82010b66eeb038f0a2fa23ce7a50a549010116ce63e66f5b3e5967539c76", "source": "polymarket"}
{"timestamp_utc": "2026-03-26T05:50:09Z", "market_key": "SOL5M_2026-03-26T05:55:00Z", "condition_id": "0x3986736ad9a15e8bb599701247445d1406cf341f3877acd3578cbaf913f61177", "trade_id": "0xe7e7bc6deece7e2d9c3aae1db2541ed92761209ec404a708370632978d336860:45582618031855614597896764054704163121803667227545980867798305002911149574140:1774504209", "side": "buy", "price": 0.53, "size": 5.0, "outcome": "up", "asset": "45582618031855614597896764054704163121803667227545980867798305002911149574140", "transaction_hash": "0xe7e7bc6deece7e2d9c3aae1db2541ed92761209ec404a708370632978d336860", "source": "polymarket"}
{"timestamp_utc": "2026-03-26T05:50:09Z", "market_key": "SOL5M_2026-03-26T05:55:00Z", "condition_id": "0x3986736ad9a15e8bb599701247445d1406cf341f3877acd3578cbaf913f61177", "trade_id": "0x375574bed5f3f23c2ca592fa84194bf3bb3e90789a22ab63a0bcdfe70a779855:26366978288450934770133251141197440228187815521474375825247969579616440811646:1774504209", "side": "buy", "price": 0.48, "size": 15.0, "outcome": "down", "asset": "26366978288450934770133251141197440228187815521474375825247969579616440811646", "transaction_hash": "0x375574bed5f3f23c2ca592fa84194bf3bb3e90789a22ab63a0bcdfe70a779855", "source": "polymarket"}
{"timestamp_utc": "2026-03-26T05:50:09Z", "market_key": "SOL5M_2026-03-26T05:55:00Z", "condition_id": "0x3986736ad9a15e8bb599701247445d1406cf341f3877acd3578cbaf913f61177", "trade_id": "0x792ecbe3f0de4e5e42ecd9f0d6e89513224a36d39ad7e5427f676a8a36cf059d:26366978288450934770133251141197440228187815521474375825247969579616440811646:1774504209", "side": "buy", "price": 0.48, "size": 7.0, "outcome": "down", "asset": "26366978288450934770133251141197440228187815521474375825247969579616440811646", "transaction_hash": "0x792ecbe3f0de4e5e42ecd9f0d6e89513224a36d39ad7e5427f676a8a36cf059d", "source": "polymarket"}
{"timestamp_utc": "2026-03-26T05:50:09Z", "market_key": "SOL5M_2026-03-26T05:55:00Z", "condition_id": "0x3986736ad9a15e8bb599701247445d1406cf341f3877acd3578cbaf913f61177", "trade_id": "0xa7913f84c9893669613ba86fb13a599a6f867ddf2c1bb2a794d7e1ffc9db2755:45582618031855614597896764054704163121803667227545980867798305002911149574140:1774504209", "side": "buy", "price": 0.5299999279199521, "size": 2.358489, "outcome": "up", "asset": "45582618031855614597896764054704163121803667227545980867798305002911149574140", "transaction_hash": "0xa7913f84c9893669613ba86fb13a599a6f867ddf2c1bb2a794d7e1ffc9db2755", "source": "polymarket"}
{"timestamp_utc": "2026-03-26T05:50:11Z", "market_key": "SOL5M_2026-03-26T05:55:00Z", "condition_id": "0x3986736ad9a15e8bb599701247445d1406cf341f3877acd3578cbaf913f61177", "trade_id": "0xad1bcfa74db40c8ead57d17679d4f0d15f8a8cc9c7571a3c09d8f180ed07b87a:26366978288450934770133251141197440228187815521474375825247969579616440811646:1774504211", "side": "buy", "price": 0.48, "size": 8.25, "outcome": "down", "asset": "26366978288450934770133251141197440228187815521474375825247969579616440811646", "transaction_hash": "0xad1bcfa74db40c8ead57d17679d4f0d15f8a8cc9c7571a3c09d8f180ed07b87a", "source": "polymarket"}
{"timestamp_utc": "2026-03-26T05:50:11Z", "market_key": "SOL5M_2026-03-26T05:55:00Z", "condition_id": "0x3986736ad9a15e8bb599701247445d1406cf341f3877acd3578cbaf913f61177", "trade_id": "0xd9debc7aaba7208b09b9c6f396ec4f0c9c9dd1e6f1d11b203a5c3d924d983cdb:26366978288450934770133251141197440228187815521474375825247969579616440811646:1774504211", "side": "buy", "price": 0.49, "size": 5.0, "outcome": "down", "asset": "26366978288450934770133251141197440228187815521474375825247969579616440811646", "transaction_hash": "0xd9debc7aaba7208b09b9c6f396ec4f0c9c9dd1e6f1d11b203a5c3d924d983cdb", "source": "polymarket"}
{"timestamp_utc": "2026-03-26T05:50:11Z", "market_key": "SOL5M_2026-03-26T05:55:00Z", "condition_id": "0x3986736ad9a15e8bb599701247445d1406cf341f3877acd3578cbaf913f61177", "trade_id": "0x1df638de006d8f01d188eca67631463c0ef84fe6d215f1c77002f1f4f905c815:26366978288450934770133251141197440228187815521474375825247969579616440811646:1774504211", "side": "buy", "price": 0.48, "size": 14.4375, "outcome": "down", "asset": "26366978288450934770133251141197440228187815521474375825247969579616440811646", "transaction_hash": "0x1df638de006d8f01d188eca67631463c0ef84fe6d215f1c77002f1f4f905c815", "source": "polymarket"}
{"timestamp_utc": "2026-03-26T05:50:11Z", "market_key": "SOL5M_2026-03-26T05:55:00Z", "condition_id": "0x3986736ad9a15e8bb599701247445d1406cf341f3877acd3578cbaf913f61177", "trade_id": "0x36e1a3d3dd5cee0fdf02688289d9244699829f21916d855eebf1ada2720038b8:26366978288450934770133251141197440228187815521474375825247969579616440811646:1774504211", "side": "buy", "price": 0.48, "size": 15.0, "outcome": "down", "asset": "26366978288450934770133251141197440228187815521474375825247969579616440811646", "transaction_hash": "0x36e1a3d3dd5cee0fdf02688289d9244699829f21916d855eebf1ada2720038b8", "source": "polymarket"}
{"timestamp_utc": "2026-03-26T05:50:11Z", "market_key": "SOL5M_2026-03-26T05:55:00Z", "condition_id": "0x3986736ad9a15e8bb599701247445d1406cf341f3877acd3578cbaf913f61177", "trade_id": "0xa69b74e6ff0df81fe80136ee5a7e9435fbbdf7db124cf2398f3b334740fad16a:45582618031855614597896764054704163121803667227545980867798305002911149574140:1774504211", "side": "buy", "price": 0.52, "size": 5.0, "outcome": "up", "asset": "45582618031855614597896764054704163121803667227545980867798305002911149574140", "transaction_hash": "0xa69b74e6ff0df81fe80136ee5a7e9435fbbdf7db124cf2398f3b334740fad16a", "source": "polymarket"}
{"timestamp_utc": "2026-03-26T05:50:11Z", "market_key": "SOL5M_2026-03-26T05:55:00Z", "condition_id": "0x3986736ad9a15e8bb599701247445d1406cf341f3877acd3578cbaf913f61177", "trade_id": "0x816e91a589d9293e2cf98234a2e679b338c6d92b3c881487cfd75d61dc63441e:26366978288450934770133251141197440228187815521474375825247969579616440811646:1774504211", "side": "buy", "price": 0.49, "size": 18.0, "outcome": "down", "asset": "26366978288450934770133251141197440228187815521474375825247969579616440811646", "transaction_hash": "0x816e91a589d9293e2cf98234a2e679b338c6d92b3c881487cfd75d61dc63441e", "source": "polymarket"}
{"timestamp_utc": "2026-03-26T05:50:11Z", "market_key": "SOL5M_2026-03-26T05:55:00Z", "condition_id": "0x3986736ad9a15e8bb599701247445d1406cf341f3877acd3578cbaf913f61177", "trade_id": "0x902adff9014b12a5bdf7da0e9a77faa7d96dc470cf0ba4185f49a1423d03b305:26366978288450934770133251141197440228187815521474375825247969579616440811646:1774504211", "side": "buy", "price": 0.49, "size": 18.0, "outcome": "down", "asset": "26366978288450934770133251141197440228187815521474375825247969579616440811646", "transaction_hash": "0x902adff9014b12a5bdf7da0e9a77faa7d96dc470cf0ba4185f49a1423d03b305", "source": "polymarket"}
{"timestamp_utc": "2026-03-26T05:50:11Z", "market_key": "SOL5M_2026-03-26T05:55:00Z", "condition_id": "0x3986736ad9a15e8bb599701247445d1406cf341f3877acd3578cbaf913f61177", "trade_id": "0x1ccffd4c0c1ff8544b8a63c80601bcb64ccef58ec5053b85f7d035b1209e7c3c:26366978288450934770133251141197440228187815521474375825247969579616440811646:1774504211", "side": "buy", "price": 0.49, "size": 15.0, "outcome": "down", "asset": "26366978288450934770133251141197440228187815521474375825247969579616440811646", "transaction_hash": "0x1ccffd4c0c1ff8544b8a63c80601bcb64ccef58ec5053b85f7d035b1209e7c3c", "source": "polymarket"}
{"timestamp_utc": "2026-03-26T05:50:11Z", "market_key": "SOL5M_2026-03-26T05:55:00Z", "condition_id": "0x3986736ad9a15e8bb599701247445d1406cf341f3877acd3578cbaf913f61177", "trade_id": "0x6de87fbdadb255e8069adf2711f790a0c7ccc47ec19a2c071b3426f85a568aaa:26366978288450934770133251141197440228187815521474375825247969579616440811646:1774504211", "side": "buy", "price": 0.49, "size": 15.0, "outcome": "down", "asset": "26366978288450934770133251141197440228187815521474375825247969579616440811646", "transaction_hash": "0x6de87fbdadb255e8069adf2711f790a0c7ccc47ec19a2c071b3426f85a568aaa", "source": "polymarket"}
{"timestamp_utc": "2026-03-26T05:50:11Z", "market_key": "SOL5M_2026-03-26T05:55:00Z", "condition_id": "0x3986736ad9a15e8bb599701247445d1406cf341f3877acd3578cbaf913f61177", "trade_id": "0x48cfe3b01d805acaf7a031c0ee6d25f056d7150b79257997cbf674bc4dc499d1:26366978288450934770133251141197440228187815521474375825247969579616440811646:1774504211", "side": "buy", "price": 0.48, "size": 18.0, "outcome": "down", "asset": "26366978288450934770133251141197440228187815521474375825247969579616440811646", "transaction_hash": "0x48cfe3b01d805acaf7a031c0ee6d25f056d7150b79257997cbf674bc4dc499d1", "source": "polymarket"}
{"timestamp_utc": "2026-03-26T05:50:11Z", "market_key": "SOL5M_2026-03-26T05:55:00Z", "condition_id": "0x3986736ad9a15e8bb599701247445d1406cf341f3877acd3578cbaf913f61177", "trade_id": "0xf1fe722edc4dcc70cba5795504f7778135a0dd108168021e437e71a3b5bb18a4:26366978288450934770133251141197440228187815521474375825247969579616440811646:1774504211", "side": "buy", "price": 0.4799999347924371, "size": 5.520832, "outcome": "down", "asset": "26366978288450934770133251141197440228187815521474375825247969579616440811646", "transaction_hash": "0xf1fe722edc4dcc70cba5795504f7778135a0dd108168021e437e71a3b5bb18a4", "source": "polymarket"}
{"timestamp_utc": "2026-03-26T05:50:11Z", "market_key": "SOL5M_2026-03-26T05:55:00Z", "condition_id": "0x3986736ad9a15e8bb599701247445d1406cf341f3877acd3578cbaf913f61177", "trade_id": "0xb8c602ae6fd09d7d141f0ebdf65bab9863693ebc79b38ea6638a3e0859466583:26366978288450934770133251141197440228187815521474375825247969579616440811646:1774504211", "side": "buy", "price": 0.47999996852458193, "size": 6.354165, "outcome": "down", "asset": "26366978288450934770133251141197440228187815521474375825247969579616440811646", "transaction_hash": "0xb8c602ae6fd09d7d141f0ebdf65bab9863693ebc79b38ea6638a3e0859466583", "source": "polymarket"}
{"timestamp_utc": "2026-03-26T05:50:11Z", "market_key": "SOL5M_2026-03-26T05:55:00Z", "condition_id": "0x3986736ad9a15e8bb599701247445d1406cf341f3877acd3578cbaf913f61177", "trade_id": "0x49cae2c050adf62f821b21f07c9d16c4727e1858c6d2ade90fa2f8560ba7b9c6:26366978288450934770133251141197440228187815521474375825247969579616440811646:1774504211", "side": "buy", "price": 0.4899999677631494, "size": 6.20408, "outcome": "down", "asset": "26366978288450934770133251141197440228187815521474375825247969579616440811646", "transaction_hash": "0x49cae2c050adf62f821b21f07c9d16c4727e1858c6d2ade90fa2f8560ba7b9c6", "source": "polymarket"}
{"timestamp_utc": "2026-03-26T05:50:11Z", "market_key": "SOL5M_2026-03-26T05:55:00Z", "condition_id": "0x3986736ad9a15e8bb599701247445d1406cf341f3877acd3578cbaf913f61177", "trade_id": "0x69eeb60541d73d0425f3e8c11a8823512666f0d06e83833b62f2d92977f37a45:26366978288450934770133251141197440228187815521474375825247969579616440811646:1774504211", "side": "buy", "price": 0.4839555555555556, "size": 18.0, "outcome": "down", "asset": "26366978288450934770133251141197440228187815521474375825247969579616440811646", "transaction_hash": "0x69eeb60541d73d0425f3e8c11a8823512666f0d06e83833b62f2d92977f37a45", "source": "polymarket"}
{"timestamp_utc": "2026-03-26T05:50:11Z", "market_key": "SOL5M_2026-03-26T05:55:00Z", "condition_id": "0x3986736ad9a15e8bb599701247445d1406cf341f3877acd3578cbaf913f61177", "trade_id": "0x02c9b4a8ef758b1f063487ca013acb6f4fcfd53624f849a58530c7b09a601c07:26366978288450934770133251141197440228187815521474375825247969579616440811646:1774504211", "side": "buy", "price": 0.48, "size": 34.0, "outcome": "down", "asset": "26366978288450934770133251141197440228187815521474375825247969579616440811646", "transaction_hash": "0x02c9b4a8ef758b1f063487ca013acb6f4fcfd53624f849a58530c7b09a601c07", "source": "polymarket"}
{"timestamp_utc": "2026-03-26T05:50:11Z", "market_key": "SOL5M_2026-03-26T05:55:00Z", "condition_id": "0x3986736ad9a15e8bb599701247445d1406cf341f3877acd3578cbaf913f61177", "trade_id": "0xdaa2e3027f438b02aa0e39492dc2ea9bbfb82b335c7409027cbea53d5038b1d1:26366978288450934770133251141197440228187815521474375825247969579616440811646:1774504211", "side": "buy", "price": 0.4799999340457854, "size": 5.458332, "outcome": "down", "asset": "26366978288450934770133251141197440228187815521474375825247969579616440811646", "transaction_hash": "0xdaa2e3027f438b02aa0e39492dc2ea9bbfb82b335c7409027cbea53d5038b1d1", "source": "polymarket"}
{"timestamp_utc": "2026-03-26T05:50:11Z", "market_key": "SOL5M_2026-03-26T05:55:00Z", "condition_id": "0x3986736ad9a15e8bb599701247445d1406cf341f3877acd3578cbaf913f61177", "trade_id": "0x559941511423f3c2731811cebc1965af3d6b72d8840906756908707bf5126bf8:26366978288450934770133251141197440228187815521474375825247969579616440811646:1774504211", "side": "buy", "price": 0.48, "size": 10.0, "outcome": "down", "asset": "26366978288450934770133251141197440228187815521474375825247969579616440811646", "transaction_hash": "0x559941511423f3c2731811cebc1965af3d6b72d8840906756908707bf5126bf8", "source": "polymarket"}
{"timestamp_utc": "2026-03-26T05:50:11Z", "market_key": "SOL5M_2026-03-26T05:55:00Z", "condition_id": "0x3986736ad9a15e8bb599701247445d1406cf341f3877acd3578cbaf913f61177", "trade_id": "0x4f1c652210e0dbd81d56de3005fc703696489da99945ea0727a0be5e94b5c512:26366978288450934770133251141197440228187815521474375825247969579616440811646:1774504211", "side": "buy", "price": 0.48, "size": 5.0, "outcome": "down", "asset": "26366978288450934770133251141197440228187815521474375825247969579616440811646", "transaction_hash": "0x4f1c652210e0dbd81d56de3005fc703696489da99945ea0727a0be5e94b5c512", "source": "polymarket"}
{"timestamp_utc": "2026-03-26T05:50:11Z", "market_key": "SOL5M_2026-03-26T05:55:00Z", "condition_id": "0x3986736ad9a15e8bb599701247445d1406cf341f3877acd3578cbaf913f61177", "trade_id": "0x6373a73beea94be3255b7a1cec83ca7e4e17c0fcec23f473c663570612381c03:26366978288450934770133251141197440228187815521474375825247969579616440811646:1774504211", "side": "buy", "price": 0.48, "size": 15.0, "outcome": "down", "asset": "26366978288450934770133251141197440228187815521474375825247969579616440811646", "transaction_hash": "0x6373a73beea94be3255b7a1cec83ca7e4e17c0fcec23f473c663570612381c03", "source": "polymarket"}
{"timestamp_utc": "2026-03-26T05:50:11Z", "market_key": "SOL5M_2026-03-26T05:55:00Z", "condition_id": "0x3986736ad9a15e8bb599701247445d1406cf341f3877acd3578cbaf913f61177", "trade_id": "0x645727c42dd71b529e5b3baf9343f996f4f8695ed017cbbd10d473795a4655ed:26366978288450934770133251141197440228187815521474375825247969579616440811646:1774504211", "side": "buy", "price": 0.48, "size": 10.3125, "outcome": "down", "asset": "26366978288450934770133251141197440228187815521474375825247969579616440811646", "transaction_hash": "0x645727c42dd71b529e5b3baf9343f996f4f8695ed017cbbd10d473795a4655ed", "source": "polymarket"}
{"timestamp_utc": "2026-03-26T05:50:11Z", "market_key": "SOL5M_2026-03-26T05:55:00Z", "condition_id": "0x3986736ad9a15e8bb599701247445d1406cf341f3877acd3578cbaf913f61177", "trade_id": "0x59c1859bd580c1dfcc8f8a5b9e1b240b357faf3a2647c8ef67b4f5c25d452ef6:26366978288450934770133251141197440228187815521474375825247969579616440811646:1774504211", "side": "buy", "price": 0.47999996516128585, "size": 10.333332, "outcome": "down", "asset": "26366978288450934770133251141197440228187815521474375825247969579616440811646", "transaction_hash": "0x59c1859bd580c1dfcc8f8a5b9e1b240b357faf3a2647c8ef67b4f5c25d452ef6", "source": "polymarket"}
{"timestamp_utc": "2026-03-26T05:50:13Z", "market_key": "SOL5M_2026-03-26T05:55:00Z", "condition_id": "0x3986736ad9a15e8bb599701247445d1406cf341f3877acd3578cbaf913f61177", "trade_id": "0xee4e36e0392934dc4e0e062b5f9da278813d3e8d6792ca0c57fbcb4b0941762c:26366978288450934770133251141197440228187815521474375825247969579616440811646:1774504213", "side": "buy", "price": 0.5174408431099622, "size": 50.29, "outcome": "down", "asset": "26366978288450934770133251141197440228187815521474375825247969579616440811646", "transaction_hash": "0xee4e36e0392934dc4e0e062b5f9da278813d3e8d6792ca0c57fbcb4b0941762c", "source": "polymarket"}
{"timestamp_utc": "2026-03-26T05:50:13Z", "market_key": "SOL5M_2026-03-26T05:55:00Z", "condition_id": "0x3986736ad9a15e8bb599701247445d1406cf341f3877acd3578cbaf913f61177", "trade_id": "0xedfe0c9c86346a08ff3132adec6b0d6a13bc889b58bf18479c13062182d14a7b:26366978288450934770133251141197440228187815521474375825247969579616440811646:1774504213", "side": "buy", "price": 0.52, "size": 5.0, "outcome": "down", "asset": "26366978288450934770133251141197440228187815521474375825247969579616440811646", "transaction_hash": "0xedfe0c9c86346a08ff3132adec6b0d6a13bc889b58bf18479c13062182d14a7b", "source": "polymarket"}
{"timestamp_utc": "2026-03-26T05:50:15Z", "market_key": "SOL5M_2026-03-26T05:55:00Z", "condition_id": "0x3986736ad9a15e8bb599701247445d1406cf341f3877acd3578cbaf913f61177", "trade_id": "0x3d98330a6530642f12fd30476aaa0ccb08c18a1f92cb1cd43ae518b3fe1f1962:45582618031855614597896764054704163121803667227545980867798305002911149574140:1774504215", "side": "buy", "price": 0.49, "size": 2.0, "outcome": "up", "asset": "45582618031855614597896764054704163121803667227545980867798305002911149574140", "transaction_hash": "0x3d98330a6530642f12fd30476aaa0ccb08c18a1f92cb1cd43ae518b3fe1f1962", "source": "polymarket"}
{"timestamp_utc": "2026-03-26T05:50:15Z", "market_key": "SOL5M_2026-03-26T05:55:00Z", "condition_id": "0x3986736ad9a15e8bb599701247445d1406cf341f3877acd3578cbaf913f61177", "trade_id": "0x8d59d0f31029b2d47f7c74908801b8fbe8eaae16652ed6ac6487c709df462ae6:45582618031855614597896764054704163121803667227545980867798305002911149574140:1774504215", "side": "buy", "price": 0.5, "size": 20.0, "outcome": "up", "asset": "45582618031855614597896764054704163121803667227545980867798305002911149574140", "transaction_hash": "0x8d59d0f31029b2d47f7c74908801b8fbe8eaae16652ed6ac6487c709df462ae6", "source": "polymarket"}
{"timestamp_utc": "2026-03-26T05:50:15Z", "market_key": "SOL5M_2026-03-26T05:55:00Z", "condition_id": "0x3986736ad9a15e8bb599701247445d1406cf341f3877acd3578cbaf913f61177", "trade_id": "0xd4a6a7ac2b8bb4798dffa83f4b93b5adc5a9b2917b9a0906b59859465e1de93b:45582618031855614597896764054704163121803667227545980867798305002911149574140:1774504215", "side": "buy", "price": 0.49, "size": 5.0, "outcome": "up", "asset": "45582618031855614597896764054704163121803667227545980867798305002911149574140", "transaction_hash": "0xd4a6a7ac2b8bb4798dffa83f4b93b5adc5a9b2917b9a0906b59859465e1de93b", "source": "polymarket"}
{"timestamp_utc": "2026-03-26T05:50:17Z", "market_key": "SOL5M_2026-03-26T05:55:00Z", "condition_id": "0x3986736ad9a15e8bb599701247445d1406cf341f3877acd3578cbaf913f61177", "trade_id": "0x8344251bb6378cd73fa72617b1704c7ac04aa17b6b14942e537dc0ba0d4d4e90:26366978288450934770133251141197440228187815521474375825247969579616440811646:1774504217", "side": "buy", "price": 0.5299999451262545, "size": 7.471697, "outcome": "down", "asset": "26366978288450934770133251141197440228187815521474375825247969579616440811646", "transaction_hash": "0x8344251bb6378cd73fa72617b1704c7ac04aa17b6b14942e537dc0ba0d4d4e90", "source": "polymarket"}
{"timestamp_utc": "2026-03-26T05:50:17Z", "market_key": "SOL5M_2026-03-26T05:55:00Z", "condition_id": "0x3986736ad9a15e8bb599701247445d1406cf341f3877acd3578cbaf913f61177", "trade_id": "0xb542e45fe0315320dc0210bc6e2edbaab51a76b0db0070478f953a15ddfd176f:26366978288450934770133251141197440228187815521474375825247969579616440811646:1774504217", "side": "buy", "price": 0.53, "size": 3.0, "outcome": "down", "asset": "26366978288450934770133251141197440228187815521474375825247969579616440811646", "transaction_hash": "0xb542e45fe0315320dc0210bc6e2edbaab51a76b0db0070478f953a15ddfd176f", "source": "polymarket"}
{"timestamp_utc": "2026-03-26T05:50:19Z", "market_key": "SOL5M_2026-03-26T05:55:00Z", "condition_id": "0x3986736ad9a15e8bb599701247445d1406cf341f3877acd3578cbaf913f61177", "trade_id": "0xb847a3e827bcbc8caac21521eb7e551c85e219d640012d4f7f7d09a81a497b02:45582618031855614597896764054704163121803667227545980867798305002911149574140:1774504219", "side": "sell", "price": 0.45, "size": 9.66, "outcome": "up", "asset": "45582618031855614597896764054704163121803667227545980867798305002911149574140", "transaction_hash": "0xb847a3e827bcbc8caac21521eb7e551c85e219d640012d4f7f7d09a81a497b02", "source": "polymarket"}
{"timestamp_utc": "2026-03-26T05:50:19Z", "market_key": "SOL5M_2026-03-26T05:55:00Z", "condition_id": "0x3986736ad9a15e8bb599701247445d1406cf341f3877acd3578cbaf913f61177", "trade_id": "0x2afb40097289c2f5db3aabc3a0d0168ad127cafda2b03a84f970e0e3328374af:26366978288450934770133251141197440228187815521474375825247969579616440811646:1774504219", "side": "buy", "price": 0.54, "size": 5.5, "outcome": "down", "asset": "26366978288450934770133251141197440228187815521474375825247969579616440811646", "transaction_hash": "0x2afb40097289c2f5db3aabc3a0d0168ad127cafda2b03a84f970e0e3328374af", "source": "polymarket"}
{"timestamp_utc": "2026-03-26T05:50:21Z", "market_key": "SOL5M_2026-03-26T05:55:00Z", "condition_id": "0x3986736ad9a15e8bb599701247445d1406cf341f3877acd3578cbaf913f61177", "trade_id": "0x2bd2bf17b6deb0100cf40b1365967f22955e4ed6d69fa3965f98c6ec130267b5:26366978288450934770133251141197440228187815521474375825247969579616440811646:1774504221", "side": "buy", "price": 0.5499999807499988, "size": 18.181817, "outcome": "down", "asset": "26366978288450934770133251141197440228187815521474375825247969579616440811646", "transaction_hash": "0x2bd2bf17b6deb0100cf40b1365967f22955e4ed6d69fa3965f98c6ec130267b5", "source": "polymarket"}
{"timestamp_utc": "2026-03-26T05:50:21Z", "market_key": "SOL5M_2026-03-26T05:55:00Z", "condition_id": "0x3986736ad9a15e8bb599701247445d1406cf341f3877acd3578cbaf913f61177", "trade_id": "0x4311c3d543f7a42a454e51982497899e949325bbffacd9f0c4e3cf109185e176:26366978288450934770133251141197440228187815521474375825247969579616440811646:1774504221", "side": "buy", "price": 0.5, "size": 2.0, "outcome": "down", "asset": "26366978288450934770133251141197440228187815521474375825247969579616440811646", "transaction_hash": "0x4311c3d543f7a42a454e51982497899e949325bbffacd9f0c4e3cf109185e176", "source": "polymarket"}
{"timestamp_utc": "2026-03-26T05:50:21Z", "market_key": "SOL5M_2026-03-26T05:55:00Z", "condition_id": "0x3986736ad9a15e8bb599701247445d1406cf341f3877acd3578cbaf913f61177", "trade_id": "0x79469f84b525318de3d8da8c95857220be9682ca3489d5fbc9a8a190a264aa78:45582618031855614597896764054704163121803667227545980867798305002911149574140:1774504221", "side": "buy", "price": 0.5099999489999587, "size": 2.156861, "outcome": "up", "asset": "45582618031855614597896764054704163121803667227545980867798305002911149574140", "transaction_hash": "0x79469f84b525318de3d8da8c95857220be9682ca3489d5fbc9a8a190a264aa78", "source": "polymarket"}
{"timestamp_utc": "2026-03-26T05:50:21Z", "market_key": "SOL5M_2026-03-26T05:55:00Z", "condition_id": "0x3986736ad9a15e8bb599701247445d1406cf341f3877acd3578cbaf913f61177", "trade_id": "0x5d5e0f7567441bace9b895a0d9cb30a97ce854cfffc632913cf81f17aa4abaa1:26366978288450934770133251141197440228187815521474375825247969579616440811646:1774504221", "side": "sell", "price": 0.49, "size": 3.6, "outcome": "down", "asset": "26366978288450934770133251141197440228187815521474375825247969579616440811646", "transaction_hash": "0x5d5e0f7567441bace9b895a0d9cb30a97ce854cfffc632913cf81f17aa4abaa1", "source": "polymarket"}
{"timestamp_utc": "2026-03-26T05:50:21Z", "market_key": "SOL5M_2026-03-26T05:55:00Z", "condition_id": "0x3986736ad9a15e8bb599701247445d1406cf341f3877acd3578cbaf913f61177", "trade_id": "0x7b95833905c32bda8e40eb3ef73aef37a266be1c1de0ac6467ff244e022070cb:45582618031855614597896764054704163121803667227545980867798305002911149574140:1774504221", "side": "buy", "price": 0.5, "size": 9.0, "outcome": "up", "asset": "45582618031855614597896764054704163121803667227545980867798305002911149574140", "transaction_hash": "0x7b95833905c32bda8e40eb3ef73aef37a266be1c1de0ac6467ff244e022070cb", "source": "polymarket"}
{"timestamp_utc": "2026-03-26T05:50:23Z", "market_key": "SOL5M_2026-03-26T05:55:00Z", "condition_id": "0x3986736ad9a15e8bb599701247445d1406cf341f3877acd3578cbaf913f61177", "trade_id": "0x22ba3beb3dc633e56a13d8006626d378aab2d31cff8dbb2480aa8500bf5034d6:45582618031855614597896764054704163121803667227545980867798305002911149574140:1774504223", "side": "buy", "price": 0.5199999833599972, "size": 9.615383, "outcome": "up", "asset": "45582618031855614597896764054704163121803667227545980867798305002911149574140", "transaction_hash": "0x22ba3beb3dc633e56a13d8006626d378aab2d31cff8dbb2480aa8500bf5034d6", "source": "polymarket"}
{"timestamp_utc": "2026-03-26T05:50:23Z", "market_key": "SOL5M_2026-03-26T05:55:00Z", "condition_id": "0x3986736ad9a15e8bb599701247445d1406cf341f3877acd3578cbaf913f61177", "trade_id": "0xf120156db983a58ac1c90cb00946225b8b7561d82d5eecddfc9282478584b7ac:26366978288450934770133251141197440228187815521474375825247969579616440811646:1774504223", "side": "buy", "price": 0.49, "size": 3.0, "outcome": "down", "asset": "26366978288450934770133251141197440228187815521474375825247969579616440811646", "transaction_hash": "0xf120156db983a58ac1c90cb00946225b8b7561d82d5eecddfc9282478584b7ac", "source": "polymarket"}
{"timestamp_utc": "2026-03-26T05:50:25Z", "market_key": "SOL5M_2026-03-26T05:55:00Z", "condition_id": "0x3986736ad9a15e8bb599701247445d1406cf341f3877acd3578cbaf913f61177", "trade_id": "0x31ef1230cc853ea327cc183900e6d2460c0de30c1ad3329a8a8da529a38b9c0e:26366978288450934770133251141197440228187815521474375825247969579616440811646:1774504225", "side": "buy", "price": 0.4899999764898942, "size": 8.081631, "outcome": "down", "asset": "26366978288450934770133251141197440228187815521474375825247969579616440811646", "transaction_hash": "0x31ef1230cc853ea327cc183900e6d2460c0de30c1ad3329a8a8da529a38b9c0e", "source": "polymarket"}
{"timestamp_utc": "2026-03-26T05:50:25Z", "market_key": "SOL5M_2026-03-26T05:55:00Z", "condition_id": "0x3986736ad9a15e8bb599701247445d1406cf341f3877acd3578cbaf913f61177", "trade_id": "0x8988142f1738b0f8743130f66c8ec6e55381d8879eba388cb2a702fc5046cb85:26366978288450934770133251141197440228187815521474375825247969579616440811646:1774504225", "side": "buy", "price": 0.51, "size": 5.0, "outcome": "down", "asset": "26366978288450934770133251141197440228187815521474375825247969579616440811646", "transaction_hash": "0x8988142f1738b0f8743130f66c8ec6e55381d8879eba388cb2a702fc5046cb85", "source": "polymarket"}
{"timestamp_utc": "2026-03-26T05:50:25Z", "market_key": "SOL5M_2026-03-26T05:55:00Z", "condition_id": "0x3986736ad9a15e8bb599701247445d1406cf341f3877acd3578cbaf913f61177", "trade_id": "0x962208053a459d6176813a36eaf91714af53902273a74cac1c06e7591535f2b5:26366978288450934770133251141197440228187815521474375825247969579616440811646:1774504225", "side": "buy", "price": 0.5, "size": 1.0, "outcome": "down", "asset": "26366978288450934770133251141197440228187815521474375825247969579616440811646", "transaction_hash": "0x962208053a459d6176813a36eaf91714af53902273a74cac1c06e7591535f2b5", "source": "polymarket"}
{"timestamp_utc": "2026-03-26T05:50:25Z", "market_key": "SOL5M_2026-03-26T05:55:00Z", "condition_id": "0x3986736ad9a15e8bb599701247445d1406cf341f3877acd3578cbaf913f61177", "trade_id": "0x7ba51ad66f8ae0f2ea7a6cf301e0ddbe653dc4de3f5033198ff5d96ab7731fbe:26366978288450934770133251141197440228187815521474375825247969579616440811646:1774504225", "side": "buy", "price": 0.5, "size": 5.94, "outcome": "down", "asset": "26366978288450934770133251141197440228187815521474375825247969579616440811646", "transaction_hash": "0x7ba51ad66f8ae0f2ea7a6cf301e0ddbe653dc4de3f5033198ff5d96ab7731fbe", "source": "polymarket"}
{"timestamp_utc": "2026-03-26T05:50:25Z", "market_key": "SOL5M_2026-03-26T05:55:00Z", "condition_id": "0x3986736ad9a15e8bb599701247445d1406cf341f3877acd3578cbaf913f61177", "trade_id": "0x9fb8675267481c73770d6f9cefc93f9a4580eec4c7438f9a82574acb1b9d651f:26366978288450934770133251141197440228187815521474375825247969579616440811646:1774504225", "side": "sell", "price": 0.48, "size": 4.9, "outcome": "down", "asset": "26366978288450934770133251141197440228187815521474375825247969579616440811646", "transaction_hash": "0x9fb8675267481c73770d6f9cefc93f9a4580eec4c7438f9a82574acb1b9d651f", "source": "polymarket"}
{"timestamp_utc": "2026-03-26T05:50:25Z", "market_key": "SOL5M_2026-03-26T05:55:00Z", "condition_id": "0x3986736ad9a15e8bb599701247445d1406cf341f3877acd3578cbaf913f61177", "trade_id": "0x5a993edea4ea19d07c58b8bf488e0cf7f9ecc1e0f68ced8eb10ede0188a50c59:26366978288450934770133251141197440228187815521474375825247969579616440811646:1774504225", "side": "buy", "price": 0.5, "size": 5.06, "outcome": "down", "asset": "26366978288450934770133251141197440228187815521474375825247969579616440811646", "transaction_hash": "0x5a993edea4ea19d07c58b8bf488e0cf7f9ecc1e0f68ced8eb10ede0188a50c59", "source": "polymarket"}
{"timestamp_utc": "2026-03-26T05:50:27Z", "market_key": "SOL5M_2026-03-26T05:55:00Z", "condition_id": "0x3986736ad9a15e8bb599701247445d1406cf341f3877acd3578cbaf913f61177", "trade_id": "0x1aca591e046629398d17779979cc7b20c6c8befb48a0157e3f4336b43f9b6078:45582618031855614597896764054704163121803667227545980867798305002911149574140:1774504227", "side": "buy", "price": 0.5122757222503801, "size": 19.73, "outcome": "up", "asset": "45582618031855614597896764054704163121803667227545980867798305002911149574140", "transaction_hash": "0x1aca591e046629398d17779979cc7b20c6c8befb48a0157e3f4336b43f9b6078", "source": "polymarket"}
{"timestamp_utc": "2026-03-26T05:50:27Z", "market_key": "SOL5M_2026-03-26T05:55:00Z", "condition_id": "0x3986736ad9a15e8bb599701247445d1406cf341f3877acd3578cbaf913f61177", "trade_id": "0xd91e2f96259e847c664d4ff1d35d621743fcdb909c082268827c1391ed7a9a31:45582618031855614597896764054704163121803667227545980867798305002911149574140:1774504227", "side": "buy", "price": 0.51, "size": 5.76, "outcome": "up", "asset": "45582618031855614597896764054704163121803667227545980867798305002911149574140", "transaction_hash": "0xd91e2f96259e847c664d4ff1d35d621743fcdb909c082268827c1391ed7a9a31", "source": "polymarket"}
{"timestamp_utc": "2026-03-26T05:50:27Z", "market_key": "SOL5M_2026-03-26T05:55:00Z", "condition_id": "0x3986736ad9a15e8bb599701247445d1406cf341f3877acd3578cbaf913f61177", "trade_id": "0x17ece43b5c5fb3513596b1feba6f57120ea38837190e0f95f1695f851e879efc:26366978288450934770133251141197440228187815521474375825247969579616440811646:1774504227", "side": "buy", "price": 0.5, "size": 7.92, "outcome": "down", "asset": "26366978288450934770133251141197440228187815521474375825247969579616440811646", "transaction_hash": "0x17ece43b5c5fb3513596b1feba6f57120ea38837190e0f95f1695f851e879efc", "source": "polymarket"}
{"timestamp_utc": "2026-03-26T05:50:29Z", "market_key": "SOL5M_2026-03-26T05:55:00Z", "condition_id": "0x3986736ad9a15e8bb599701247445d1406cf341f3877acd3578cbaf913f61177", "trade_id": "0x0510a0fd199c8fac6761dd0d08088761c3c1b8f30867de0a3bb7b58f142fdccd:26366978288450934770133251141197440228187815521474375825247969579616440811646:1774504229", "side": "buy", "price": 0.5, "size": 5.94, "outcome": "down", "asset": "26366978288450934770133251141197440228187815521474375825247969579616440811646", "transaction_hash": "0x0510a0fd199c8fac6761dd0d08088761c3c1b8f30867de0a3bb7b58f142fdccd", "source": "polymarket"}
{"timestamp_utc": "2026-03-26T05:50:35Z", "market_key": "SOL5M_2026-03-26T05:55:00Z", "condition_id": "0x3986736ad9a15e8bb599701247445d1406cf341f3877acd3578cbaf913f61177", "trade_id": "0x3dc3a52f4c52d8e5f5fc94a75277750856366213c6a72cfe424bd84fed4951c6:26366978288450934770133251141197440228187815521474375825247969579616440811646:1774504235", "side": "buy", "price": 0.5040697634850883, "size": 35.411763, "outcome": "down", "asset": "26366978288450934770133251141197440228187815521474375825247969579616440811646", "transaction_hash": "0x3dc3a52f4c52d8e5f5fc94a75277750856366213c6a72cfe424bd84fed4951c6", "source": "polymarket"}
{"timestamp_utc": "2026-03-26T05:50:39Z", "market_key": "SOL5M_2026-03-26T05:55:00Z", "condition_id": "0x3986736ad9a15e8bb599701247445d1406cf341f3877acd3578cbaf913f61177", "trade_id": "0x447233a362cbc934781f76b46c808461e8c9a340b7b95b2efc44e85ddd14b2ad:26366978288450934770133251141197440228187815521474375825247969579616440811646:1774504239", "side": "sell", "price": 0.47, "size": 5.4, "outcome": "down", "asset": "26366978288450934770133251141197440228187815521474375825247969579616440811646", "transaction_hash": "0x447233a362cbc934781f76b46c808461e8c9a340b7b95b2efc44e85ddd14b2ad", "source": "polymarket"}
{"timestamp_utc": "2026-03-26T05:50:39Z", "market_key": "SOL5M_2026-03-26T05:55:00Z", "condition_id": "0x3986736ad9a15e8bb599701247445d1406cf341f3877acd3578cbaf913f61177", "trade_id": "0x1631f017b6c4b1336f0f7b6d77f73e17a764ca7cf1309a8fa638d5ae16bba7c3:26366978288450934770133251141197440228187815521474375825247969579616440811646:1774504239", "side": "buy", "price": 0.48514848603077726, "size": 10.306121, "outcome": "down", "asset": "26366978288450934770133251141197440228187815521474375825247969579616440811646", "transaction_hash": "0x1631f017b6c4b1336f0f7b6d77f73e17a764ca7cf1309a8fa638d5ae16bba7c3", "source": "polymarket"}
{"timestamp_utc": "2026-03-26T05:50:41Z", "market_key": "SOL5M_2026-03-26T05:55:00Z", "condition_id": "0x3986736ad9a15e8bb599701247445d1406cf341f3877acd3578cbaf913f61177", "trade_id": "0x5f5e9a3f70357938cdb92ff39f410d410587700f01f8af75117a263b476f0f8d:26366978288450934770133251141197440228187815521474375825247969579616440811646:1774504241", "side": "buy", "price": 0.4899999554545345, "size": 6.061223, "outcome": "down", "asset": "26366978288450934770133251141197440228187815521474375825247969579616440811646", "transaction_hash": "0x5f5e9a3f70357938cdb92ff39f410d410587700f01f8af75117a263b476f0f8d", "source": "polymarket"}
{"timestamp_utc": "2026-03-26T05:50:45Z", "market_key": "SOL5M_2026-03-26T05:55:00Z", "condition_id": "0x3986736ad9a15e8bb599701247445d1406cf341f3877acd3578cbaf913f61177", "trade_id": "0xf365289953652f7abf50468bebac018f04ddf1508ba3427f8b5b1c94df05bcf2:26366978288450934770133251141197440228187815521474375825247969579616440811646:1774504245", "side": "buy", "price": 0.4899999554545345, "size": 6.061223, "outcome": "down", "asset": "26366978288450934770133251141197440228187815521474375825247969579616440811646", "transaction_hash": "0xf365289953652f7abf50468bebac018f04ddf1508ba3427f8b5b1c94df05bcf2", "source": "polymarket"}
{"timestamp_utc": "2026-03-26T05:50:51Z", "market_key": "SOL5M_2026-03-26T05:55:00Z", "condition_id": "0x3986736ad9a15e8bb599701247445d1406cf341f3877acd3578cbaf913f61177", "trade_id": "0x251d4fad85049aa3138e926565ca6abd6d98570710ff3f809c9fdb8455af7445:45582618031855614597896764054704163121803667227545980867798305002911149574140:1774504251", "side": "sell", "price": 0.46, "size": 16.69, "outcome": "up", "asset": "45582618031855614597896764054704163121803667227545980867798305002911149574140", "transaction_hash": "0x251d4fad85049aa3138e926565ca6abd6d98570710ff3f809c9fdb8455af7445", "source": "polymarket"}
{"timestamp_utc": "2026-03-26T05:50:51Z", "market_key": "SOL5M_2026-03-26T05:55:00Z", "condition_id": "0x3986736ad9a15e8bb599701247445d1406cf341f3877acd3578cbaf913f61177", "trade_id": "0x8878b63fcf7505590092ed5a614784dac9884666dfce84585149a6aa83c3d48f:26366978288450934770133251141197440228187815521474375825247969579616440811646:1774504251", "side": "buy", "price": 0.54, "size": 5.5, "outcome": "down", "asset": "26366978288450934770133251141197440228187815521474375825247969579616440811646", "transaction_hash": "0x8878b63fcf7505590092ed5a614784dac9884666dfce84585149a6aa83c3d48f", "source": "polymarket"}
{"timestamp_utc": "2026-03-26T05:50:51Z", "market_key": "SOL5M_2026-03-26T05:55:00Z", "condition_id": "0x3986736ad9a15e8bb599701247445d1406cf341f3877acd3578cbaf913f61177", "trade_id": "0x544ef2ad061fa4c415892850886c09ba6b43f2c4f2de31f83457bf7bac7604eb:26366978288450934770133251141197440228187815521474375825247969579616440811646:1774504251", "side": "buy", "price": 0.5310595750699452, "size": 5.592591, "outcome": "down", "asset": "26366978288450934770133251141197440228187815521474375825247969579616440811646", "transaction_hash": "0x544ef2ad061fa4c415892850886c09ba6b43f2c4f2de31f83457bf7bac7604eb", "source": "polymarket"}
{"timestamp_utc": "2026-03-26T05:50:53Z", "market_key": "SOL5M_2026-03-26T05:55:00Z", "condition_id": "0x3986736ad9a15e8bb599701247445d1406cf341f3877acd3578cbaf913f61177", "trade_id": "0x7de508bb69a4c96e53ccd5285a1d64521e69761f3e0fc3f87b4ca4de4acfb2d8:45582618031855614597896764054704163121803667227545980867798305002911149574140:1774504253", "side": "sell", "price": 0.44, "size": 14.52, "outcome": "up", "asset": "45582618031855614597896764054704163121803667227545980867798305002911149574140", "transaction_hash": "0x7de508bb69a4c96e53ccd5285a1d64521e69761f3e0fc3f87b4ca4de4acfb2d8", "source": "polymarket"}
{"timestamp_utc": "2026-03-26T05:50:55Z", "market_key": "SOL5M_2026-03-26T05:55:00Z", "condition_id": "0x3986736ad9a15e8bb599701247445d1406cf341f3877acd3578cbaf913f61177", "trade_id": "0xf1a1a90183ae2d4dece55f6a27bae55040d59970af230b1e9ea5b53ae02c4f47:26366978288450934770133251141197440228187815521474375825247969579616440811646:1774504255", "side": "buy", "price": 0.57999993708471, "size": 5.086204, "outcome": "down", "asset": "26366978288450934770133251141197440228187815521474375825247969579616440811646", "transaction_hash": "0xf1a1a90183ae2d4dece55f6a27bae55040d59970af230b1e9ea5b53ae02c4f47", "source": "polymarket"}
{"timestamp_utc": "2026-03-26T05:50:55Z", "market_key": "SOL5M_2026-03-26T05:55:00Z", "condition_id": "0x3986736ad9a15e8bb599701247445d1406cf341f3877acd3578cbaf913f61177", "trade_id": "0x758e599d49b714007e9f4c8fc3daedaf7539b1498a38dc7d2b1fe14b431ab70f:26366978288450934770133251141197440228187815521474375825247969579616440811646:1774504255", "side": "buy", "price": 0.5760285941223193, "size": 12.59, "outcome": "down", "asset": "26366978288450934770133251141197440228187815521474375825247969579616440811646", "transaction_hash": "0x758e599d49b714007e9f4c8fc3daedaf7539b1498a38dc7d2b1fe14b431ab70f", "source": "polymarket"}
{"timestamp_utc": "2026-03-26T05:50:55Z", "market_key": "SOL5M_2026-03-26T05:55:00Z", "condition_id": "0x3986736ad9a15e8bb599701247445d1406cf341f3877acd3578cbaf913f61177", "trade_id": "0x3a6259bb70657bd00bc31b1377714cca187b7efeb7281a0ea8ccb885bcb5d49c:26366978288450934770133251141197440228187815521474375825247969579616440811646:1774504255", "side": "buy", "price": 0.5799998259997042, "size": 1.724135, "outcome": "down", "asset": "26366978288450934770133251141197440228187815521474375825247969579616440811646", "transaction_hash": "0x3a6259bb70657bd00bc31b1377714cca187b7efeb7281a0ea8ccb885bcb5d49c", "source": "polymarket"}
{"timestamp_utc": "2026-03-26T05:50:55Z", "market_key": "SOL5M_2026-03-26T05:55:00Z", "condition_id": "0x3986736ad9a15e8bb599701247445d1406cf341f3877acd3578cbaf913f61177", "trade_id": "0x612d17eea9b5d44ad77fc3c94084a76eccc96b44a772e9d0ef2f4630dbf672a1:26366978288450934770133251141197440228187815521474375825247969579616440811646:1774504255", "side": "buy", "price": 0.57, "size": 5.0, "outcome": "down", "asset": "26366978288450934770133251141197440228187815521474375825247969579616440811646", "transaction_hash": "0x612d17eea9b5d44ad77fc3c94084a76eccc96b44a772e9d0ef2f4630dbf672a1", "source": "polymarket"}
{"timestamp_utc": "2026-03-26T05:50:57Z", "market_key": "SOL5M_2026-03-26T05:55:00Z", "condition_id": "0x3986736ad9a15e8bb599701247445d1406cf341f3877acd3578cbaf913f61177", "trade_id": "0x68137d69e081b2b5db5c8645806269b021112fe5e47267159de8c55a5ab01d99:45582618031855614597896764054704163121803667227545980867798305002911149574140:1774504257", "side": "buy", "price": 0.45, "size": 5.0, "outcome": "up", "asset": "45582618031855614597896764054704163121803667227545980867798305002911149574140", "transaction_hash": "0x68137d69e081b2b5db5c8645806269b021112fe5e47267159de8c55a5ab01d99", "source": "polymarket"}
{"timestamp_utc": "2026-03-26T05:50:57Z", "market_key": "SOL5M_2026-03-26T05:55:00Z", "condition_id": "0x3986736ad9a15e8bb599701247445d1406cf341f3877acd3578cbaf913f61177", "trade_id": "0x7ecbb547ebecac6b90d113ac7f96d9d2931066a9ccb9f60079587dfe74216538:26366978288450934770133251141197440228187815521474375825247969579616440811646:1774504257", "side": "buy", "price": 0.5599999622895522, "size": 5.30357, "outcome": "down", "asset": "26366978288450934770133251141197440228187815521474375825247969579616440811646", "transaction_hash": "0x7ecbb547ebecac6b90d113ac7f96d9d2931066a9ccb9f60079587dfe74216538", "source": "polymarket"}
{"timestamp_utc": "2026-03-26T05:50:57Z", "market_key": "SOL5M_2026-03-26T05:55:00Z", "condition_id": "0x3986736ad9a15e8bb599701247445d1406cf341f3877acd3578cbaf913f61177", "trade_id": "0x17e2f097fc720f8c68854c914bd5402166343a5ec4a5a65182c23b5363ba524d:26366978288450934770133251141197440228187815521474375825247969579616440811646:1774504257", "side": "buy", "price": 0.56, "size": 6.0, "outcome": "down", "asset": "26366978288450934770133251141197440228187815521474375825247969579616440811646", "transaction_hash": "0x17e2f097fc720f8c68854c914bd5402166343a5ec4a5a65182c23b5363ba524d", "source": "polymarket"}
{"timestamp_utc": "2026-03-26T05:50:57Z", "market_key": "SOL5M_2026-03-26T05:55:00Z", "condition_id": "0x3986736ad9a15e8bb599701247445d1406cf341f3877acd3578cbaf913f61177", "trade_id": "0x3eb9057ee9b6938b5861c90321c2ac0d2f5a10d9bb4d334c16b0b59f8ce21d44:26366978288450934770133251141197440228187815521474375825247969579616440811646:1774504257", "side": "buy", "price": 0.5599999925333327, "size": 16.071427, "outcome": "down", "asset": "26366978288450934770133251141197440228187815521474375825247969579616440811646", "transaction_hash": "0x3eb9057ee9b6938b5861c90321c2ac0d2f5a10d9bb4d334c16b0b59f8ce21d44", "source": "polymarket"}
{"timestamp_utc": "2026-03-26T05:50:57Z", "market_key": "SOL5M_2026-03-26T05:55:00Z", "condition_id": "0x3986736ad9a15e8bb599701247445d1406cf341f3877acd3578cbaf913f61177", "trade_id": "0x46fdc20080c947ff560febb1a59b3dabacb7fa4529d39102e34fb2fbe8585f3b:26366978288450934770133251141197440228187815521474375825247969579616440811646:1774504257", "side": "buy", "price": 0.58, "size": 34.0, "outcome": "down", "asset": "26366978288450934770133251141197440228187815521474375825247969579616440811646", "transaction_hash": "0x46fdc20080c947ff560febb1a59b3dabacb7fa4529d39102e34fb2fbe8585f3b", "source": "polymarket"}
{"timestamp_utc": "2026-03-26T05:50:57Z", "market_key": "SOL5M_2026-03-26T05:55:00Z", "condition_id": "0x3986736ad9a15e8bb599701247445d1406cf341f3877acd3578cbaf913f61177", "trade_id": "0xb2c0f7412bcdf9f8af66b23d7587cd252452cc46a22669e1aef70748a5fef6eb:45582618031855614597896764054704163121803667227545980867798305002911149574140:1774504257", "side": "buy", "price": 0.46472567585655455, "size": 17.063828, "outcome": "up", "asset": "45582618031855614597896764054704163121803667227545980867798305002911149574140", "transaction_hash": "0xb2c0f7412bcdf9f8af66b23d7587cd252452cc46a22669e1aef70748a5fef6eb", "source": "polymarket"}
{"timestamp_utc": "2026-03-26T05:50:59Z", "market_key": "SOL5M_2026-03-26T05:55:00Z", "condition_id": "0x3986736ad9a15e8bb599701247445d1406cf341f3877acd3578cbaf913f61177", "trade_id": "0xd09112a39b5b7907f457ecd0b08824eea4c994819ea2fd32bd428142dd5e3cfb:45582618031855614597896764054704163121803667227545980867798305002911149574140:1774504259", "side": "sell", "price": 0.41, "size": 17.16, "outcome": "up", "asset": "45582618031855614597896764054704163121803667227545980867798305002911149574140", "transaction_hash": "0xd09112a39b5b7907f457ecd0b08824eea4c994819ea2fd32bd428142dd5e3cfb", "source": "polymarket"}
{"timestamp_utc": "2026-03-26T05:51:03Z", "market_key": "SOL5M_2026-03-26T05:55:00Z", "condition_id": "0x3986736ad9a15e8bb599701247445d1406cf341f3877acd3578cbaf913f61177", "trade_id": "0xc05f479ef46c2c928a80b0975510836caa4e66b6028f4313750e6423488f0e6c:26366978288450934770133251141197440228187815521474375825247969579616440811646:1774504263", "side": "buy", "price": 0.5699999557758464, "size": 8.140348, "outcome": "down", "asset": "26366978288450934770133251141197440228187815521474375825247969579616440811646", "transaction_hash": "0xc05f479ef46c2c928a80b0975510836caa4e66b6028f4313750e6423488f0e6c", "source": "polymarket"}
{"timestamp_utc": "2026-03-26T05:51:03Z", "market_key": "SOL5M_2026-03-26T05:55:00Z", "condition_id": "0x3986736ad9a15e8bb599701247445d1406cf341f3877acd3578cbaf913f61177", "trade_id": "0xf06296db9aa8fc6ade1582e6ec469c725aaae04ca283b36d87446b71e7b81416:26366978288450934770133251141197440228187815521474375825247969579616440811646:1774504263", "side": "buy", "price": 0.5699999557758464, "size": 8.140348, "outcome": "down", "asset": "26366978288450934770133251141197440228187815521474375825247969579616440811646", "transaction_hash": "0xf06296db9aa8fc6ade1582e6ec469c725aaae04ca283b36d87446b71e7b81416", "source": "polymarket"}
{"timestamp_utc": "2026-03-26T05:51:05Z", "market_key": "SOL5M_2026-03-26T05:55:00Z", "condition_id": "0x3986736ad9a15e8bb599701247445d1406cf341f3877acd3578cbaf913f61177", "trade_id": "0xed245560a33b32eec36b0b35458ef783b72b73f318ff092944a3bbbe8c58786c:26366978288450934770133251141197440228187815521474375825247969579616440811646:1774504265", "side": "buy", "price": 0.6, "size": 30.3, "outcome": "down", "asset": "26366978288450934770133251141197440228187815521474375825247969579616440811646", "transaction_hash": "0xed245560a33b32eec36b0b35458ef783b72b73f318ff092944a3bbbe8c58786c", "source": "polymarket"}
{"timestamp_utc": "2026-03-26T05:51:05Z", "market_key": "SOL5M_2026-03-26T05:55:00Z", "condition_id": "0x3986736ad9a15e8bb599701247445d1406cf341f3877acd3578cbaf913f61177", "trade_id": "0x39bf5a41e84fb9301ace5ec478abc80cd88f0b056e697d810cfcc106fac8afe7:26366978288450934770133251141197440228187815521474375825247969579616440811646:1774504265", "side": "buy", "price": 0.6, "size": 5.0, "outcome": "down", "asset": "26366978288450934770133251141197440228187815521474375825247969579616440811646", "transaction_hash": "0x39bf5a41e84fb9301ace5ec478abc80cd88f0b056e697d810cfcc106fac8afe7", "source": "polymarket"}
{"timestamp_utc": "2026-03-26T05:51:05Z", "market_key": "SOL5M_2026-03-26T05:55:00Z", "condition_id": "0x3986736ad9a15e8bb599701247445d1406cf341f3877acd3578cbaf913f61177", "trade_id": "0x18616df3fc6e354f2ad76905259d1cbf483ed54b503923f79a25c75763c61687:45582618031855614597896764054704163121803667227545980867798305002911149574140:1774504265", "side": "sell", "price": 0.4, "size": 20.24, "outcome": "up", "asset": "45582618031855614597896764054704163121803667227545980867798305002911149574140", "transaction_hash": "0x18616df3fc6e354f2ad76905259d1cbf483ed54b503923f79a25c75763c61687", "source": "polymarket"}
{"timestamp_utc": "2026-03-26T05:51:07Z", "market_key": "SOL5M_2026-03-26T05:55:00Z", "condition_id": "0x3986736ad9a15e8bb599701247445d1406cf341f3877acd3578cbaf913f61177", "trade_id": "0x0dd907dcc14027377e47ca03fe4affbaa109648d5f0e9fafb39896745f4576c7:45582618031855614597896764054704163121803667227545980867798305002911149574140:1774504267", "side": "buy", "price": 0.41, "size": 6.21, "outcome": "up", "asset": "45582618031855614597896764054704163121803667227545980867798305002911149574140", "transaction_hash": "0x0dd907dcc14027377e47ca03fe4affbaa109648d5f0e9fafb39896745f4576c7", "source": "polymarket"}
{"timestamp_utc": "2026-03-26T05:51:07Z", "market_key": "SOL5M_2026-03-26T05:55:00Z", "condition_id": "0x3986736ad9a15e8bb599701247445d1406cf341f3877acd3578cbaf913f61177", "trade_id": "0xbee3a7aa111f5e2a0ce2d33190a47bff492759155266a6d518f5f2153d0ee6bb:26366978288450934770133251141197440228187815521474375825247969579616440811646:1774504267", "side": "buy", "price": 0.5799999560605983, "size": 6.827585, "outcome": "down", "asset": "26366978288450934770133251141197440228187815521474375825247969579616440811646", "transaction_hash": "0xbee3a7aa111f5e2a0ce2d33190a47bff492759155266a6d518f5f2153d0ee6bb", "source": "polymarket"}
{"timestamp_utc": "2026-03-26T05:51:07Z", "market_key": "SOL5M_2026-03-26T05:55:00Z", "condition_id": "0x3986736ad9a15e8bb599701247445d1406cf341f3877acd3578cbaf913f61177", "trade_id": "0x7cefc909d52119a6172f674ad869cc988cad4de4339a982007715d796bfe42c4:26366978288450934770133251141197440228187815521474375825247969579616440811646:1774504267", "side": "buy", "price": 0.58, "size": 12.0, "outcome": "down", "asset": "26366978288450934770133251141197440228187815521474375825247969579616440811646", "transaction_hash": "0x7cefc909d52119a6172f674ad869cc988cad4de4339a982007715d796bfe42c4", "source": "polymarket"}
{"timestamp_utc": "2026-03-26T05:51:07Z", "market_key": "SOL5M_2026-03-26T05:55:00Z", "condition_id": "0x3986736ad9a15e8bb599701247445d1406cf341f3877acd3578cbaf913f61177", "trade_id": "0xf50a35b0d28d5611485d2ff06ff9c63947030d0717416d7322e160bd35cba458:26366978288450934770133251141197440228187815521474375825247969579616440811646:1774504267", "side": "buy", "price": 0.5799999560605983, "size": 6.827585, "outcome": "down", "asset": "26366978288450934770133251141197440228187815521474375825247969579616440811646", "transaction_hash": "0xf50a35b0d28d5611485d2ff06ff9c63947030d0717416d7322e160bd35cba458", "source": "polymarket"}
{"timestamp_utc": "2026-03-26T05:51:11Z", "market_key": "SOL5M_2026-03-26T05:55:00Z", "condition_id": "0x3986736ad9a15e8bb599701247445d1406cf341f3877acd3578cbaf913f61177", "trade_id": "0x7708c254a3e2a1e005df7db806d2702bb2663eebc3cb5fd6bfd121f2762deaf0:26366978288450934770133251141197440228187815521474375825247969579616440811646:1774504271", "side": "buy", "price": 0.6, "size": 4.95, "outcome": "down", "asset": "26366978288450934770133251141197440228187815521474375825247969579616440811646", "transaction_hash": "0x7708c254a3e2a1e005df7db806d2702bb2663eebc3cb5fd6bfd121f2762deaf0", "source": "polymarket"}
{"timestamp_utc": "2026-03-26T05:51:11Z", "market_key": "SOL5M_2026-03-26T05:55:00Z", "condition_id": "0x3986736ad9a15e8bb599701247445d1406cf341f3877acd3578cbaf913f61177", "trade_id": "0xdb63c21bf050f753d9de9a350f7db09f119e37f54d2740e9ee022ab5bed059fd:26366978288450934770133251141197440228187815521474375825247969579616440811646:1774504271", "side": "buy", "price": 0.58, "size": 12.0, "outcome": "down", "asset": "26366978288450934770133251141197440228187815521474375825247969579616440811646", "transaction_hash": "0xdb63c21bf050f753d9de9a350f7db09f119e37f54d2740e9ee022ab5bed059fd", "source": "polymarket"}
{"timestamp_utc": "2026-03-26T05:51:15Z", "market_key": "SOL5M_2026-03-26T05:55:00Z", "condition_id": "0x3986736ad9a15e8bb599701247445d1406cf341f3877acd3578cbaf913f61177", "trade_id": "0xa9d0dc1214abe60c5c974544cfdf643eabb80071ccdf4333247df4051a9f5807:26366978288450934770133251141197440228187815521474375825247969579616440811646:1774504275", "side": "buy", "price": 0.5999999759999961, "size": 8.333332, "outcome": "down", "asset": "26366978288450934770133251141197440228187815521474375825247969579616440811646", "transaction_hash": "0xa9d0dc1214abe60c5c974544cfdf643eabb80071ccdf4333247df4051a9f5807", "source": "polymarket"}
{"timestamp_utc": "2026-03-26T05:51:15Z", "market_key": "SOL5M_2026-03-26T05:55:00Z", "condition_id": "0x3986736ad9a15e8bb599701247445d1406cf341f3877acd3578cbaf913f61177", "trade_id": "0xba8b527954715c808c3bb8150f2d50408dd651eff47a73449ab9b65b47e958f7:45582618031855614597896764054704163121803667227545980867798305002911149574140:1774504275", "side": "buy", "price": 0.42, "size": 11.0, "outcome": "up", "asset": "45582618031855614597896764054704163121803667227545980867798305002911149574140", "transaction_hash": "0xba8b527954715c808c3bb8150f2d50408dd651eff47a73449ab9b65b47e958f7", "source": "polymarket"}
{"timestamp_utc": "2026-03-26T05:51:17Z", "market_key": "SOL5M_2026-03-26T05:55:00Z", "condition_id": "0x3986736ad9a15e8bb599701247445d1406cf341f3877acd3578cbaf913f61177", "trade_id": "0xf1c8d3090f514ca7b4da2edea71ddf37d09ef4257c7bb14af9ba2ff18692f0fb:26366978288450934770133251141197440228187815521474375825247969579616440811646:1774504277", "side": "buy", "price": 0.6, "size": 1.666665, "outcome": "down", "asset": "26366978288450934770133251141197440228187815521474375825247969579616440811646", "transaction_hash": "0xf1c8d3090f514ca7b4da2edea71ddf37d09ef4257c7bb14af9ba2ff18692f0fb", "source": "polymarket"}
{"timestamp_utc": "2026-03-26T05:51:21Z", "market_key": "SOL5M_2026-03-26T05:55:00Z", "condition_id": "0x3986736ad9a15e8bb599701247445d1406cf341f3877acd3578cbaf913f61177", "trade_id": "0x478101df0d8bae3781045d13b35bb048167d8c6e85cd572426d77f9d21fdc1d8:26366978288450934770133251141197440228187815521474375825247969579616440811646:1774504281", "side": "sell", "price": 0.56, "size": 5.0, "outcome": "down", "asset": "26366978288450934770133251141197440228187815521474375825247969579616440811646", "transaction_hash": "0x478101df0d8bae3781045d13b35bb048167d8c6e85cd572426d77f9d21fdc1d8", "source": "polymarket"}
{"timestamp_utc": "2026-03-26T05:51:23Z", "market_key": "SOL5M_2026-03-26T05:55:00Z", "condition_id": "0x3986736ad9a15e8bb599701247445d1406cf341f3877acd3578cbaf913f61177", "trade_id": "0x98c8151eb04b6d47cce1e0b0cc1359c8ac76eaddb50813ec81922d86cb4ac7f5:26366978288450934770133251141197440228187815521474375825247969579616440811646:1774504283", "side": "buy", "price": 0.5899999746717118, "size": 6.711863, "outcome": "down", "asset": "26366978288450934770133251141197440228187815521474375825247969579616440811646", "transaction_hash": "0x98c8151eb04b6d47cce1e0b0cc1359c8ac76eaddb50813ec81922d86cb4ac7f5", "source": "polymarket"}
{"timestamp_utc": "2026-03-26T05:51:25Z", "market_key": "SOL5M_2026-03-26T05:55:00Z", "condition_id": "0x3986736ad9a15e8bb599701247445d1406cf341f3877acd3578cbaf913f61177", "trade_id": "0x26ca9fb9fa4c5690c50437e9fe72036168135e8bbde7be9a17d9830bcbeb4601:45582618031855614597896764054704163121803667227545980867798305002911149574140:1774504285", "side": "buy", "price": 0.44523747043215556, "size": 33.869564, "outcome": "up", "asset": "45582618031855614597896764054704163121803667227545980867798305002911149574140", "transaction_hash": "0x26ca9fb9fa4c5690c50437e9fe72036168135e8bbde7be9a17d9830bcbeb4601", "source": "polymarket"}
{"timestamp_utc": "2026-03-26T05:51:27Z", "market_key": "SOL5M_2026-03-26T05:55:00Z", "condition_id": "0x3986736ad9a15e8bb599701247445d1406cf341f3877acd3578cbaf913f61177", "trade_id": "0xe6cf969499d6ef3accde5ea415e3a24ea08182241daa75534ee72d09c72b8041:45582618031855614597896764054704163121803667227545980867798305002911149574140:1774504287", "side": "sell", "price": 0.39, "size": 6.86, "outcome": "up", "asset": "45582618031855614597896764054704163121803667227545980867798305002911149574140", "transaction_hash": "0xe6cf969499d6ef3accde5ea415e3a24ea08182241daa75534ee72d09c72b8041", "source": "polymarket"}
{"timestamp_utc": "2026-03-26T05:51:27Z", "market_key": "SOL5M_2026-03-26T05:55:00Z", "condition_id": "0x3986736ad9a15e8bb599701247445d1406cf341f3877acd3578cbaf913f61177", "trade_id": "0x911a19578fbdc71563193b09b8c4eeb7afd65b331a013e6c7f69f0a3a3cedc67:26366978288450934770133251141197440228187815521474375825247969579616440811646:1774504287", "side": "buy", "price": 0.6, "size": 7.26, "outcome": "down", "asset": "26366978288450934770133251141197440228187815521474375825247969579616440811646", "transaction_hash": "0x911a19578fbdc71563193b09b8c4eeb7afd65b331a013e6c7f69f0a3a3cedc67", "source": "polymarket"}
{"timestamp_utc": "2026-03-26T05:51:27Z", "market_key": "SOL5M_2026-03-26T05:55:00Z", "condition_id": "0x3986736ad9a15e8bb599701247445d1406cf341f3877acd3578cbaf913f61177", "trade_id": "0x38832c470927266fba60aebd4b002aba1697e2d3cf5b4c32a52b0b8ffa213cb2:26366978288450934770133251141197440228187815521474375825247969579616440811646:1774504287", "side": "buy", "price": 0.6, "size": 5.09, "outcome": "down", "asset": "26366978288450934770133251141197440228187815521474375825247969579616440811646", "transaction_hash": "0x38832c470927266fba60aebd4b002aba1697e2d3cf5b4c32a52b0b8ffa213cb2", "source": "polymarket"}
{"timestamp_utc": "2026-03-26T05:51:29Z", "market_key": "SOL5M_2026-03-26T05:55:00Z", "condition_id": "0x3986736ad9a15e8bb599701247445d1406cf341f3877acd3578cbaf913f61177", "trade_id": "0xc147db2916693aeed92ce465559c4213de6ef849afeec8316afae58249c1c9ea:26366978288450934770133251141197440228187815521474375825247969579616440811646:1774504289", "side": "buy", "price": 0.6299999384848131, "size": 4.714283, "outcome": "down", "asset": "26366978288450934770133251141197440228187815521474375825247969579616440811646", "transaction_hash": "0xc147db2916693aeed92ce465559c4213de6ef849afeec8316afae58249c1c9ea", "source": "polymarket"}
{"timestamp_utc": "2026-03-26T05:51:29Z", "market_key": "SOL5M_2026-03-26T05:55:00Z", "condition_id": "0x3986736ad9a15e8bb599701247445d1406cf341f3877acd3578cbaf913f61177", "trade_id": "0xeabdbc608996769019f4fd7021c4e9ada9b053c7218d135bca93bc33b78474fe:26366978288450934770133251141197440228187815521474375825247969579616440811646:1774504289", "side": "buy", "price": 0.6299999967553646, "size": 36.984124, "outcome": "down", "asset": "26366978288450934770133251141197440228187815521474375825247969579616440811646", "transaction_hash": "0xeabdbc608996769019f4fd7021c4e9ada9b053c7218d135bca93bc33b78474fe", "source": "polymarket"}
