{"timestamp_utc": "2026-03-26T13:42:59Z", "market_key": "SOL5M_2026-03-26T14:00:00Z", "condition_id": "0x75004530723c0878405b73a6edffbefae759cfc5aa88bdfa45b2ab5ff66ce3af", "trade_id": "0x024938ba5bc94146d08dbe16a345dabbbb7d0bc9ac6ad680048983280ab039fb:98962333835932724172706893234441148354676146677314516822913323118510688631726:1774532579", "side": "buy", "price": 0.509999956649982, "size": 3.921567, "outcome": "down", "asset": "98962333835932724172706893234441148354676146677314516822913323118510688631726", "transaction_hash": "0x024938ba5bc94146d08dbe16a345dabbbb7d0bc9ac6ad680048983280ab039fb", "source": "polymarket"}
{"timestamp_utc": "2026-03-26T13:47:41Z", "market_key": "SOL5M_2026-03-26T14:00:00Z", "condition_id": "0x75004530723c0878405b73a6edffbefae759cfc5aa88bdfa45b2ab5ff66ce3af", "trade_id": "0xb1ad0a749794d2954aa24eb0915d391ebc87b3721271038a64762c0c4395f6fc:6497462929760307984313676120987872045088140359099951294244837359633802302525:1774532861", "side": "buy", "price": 0.5, "size": 2.0, "outcome": "up", "asset": "6497462929760307984313676120987872045088140359099951294244837359633802302525", "transaction_hash": "0xb1ad0a749794d2954aa24eb0915d391ebc87b3721271038a64762c0c4395f6fc", "source": "polymarket"}
{"timestamp_utc": "2026-03-26T13:48:57Z", "market_key": "SOL5M_2026-03-26T14:00:00Z", "condition_id": "0x75004530723c0878405b73a6edffbefae759cfc5aa88bdfa45b2ab5ff66ce3af", "trade_id": "0xdb571e2dd7a33cdaaf3e5dd1bcdcbfd98abe297bc7b0d9ea95a0171fbde502fa:6497462929760307984313676120987872045088140359099951294244837359633802302525:1774532937", "side": "buy", "price": 0.5, "size": 3.0, "outcome": "up", "asset": "6497462929760307984313676120987872045088140359099951294244837359633802302525", "transaction_hash": "0xdb571e2dd7a33cdaaf3e5dd1bcdcbfd98abe297bc7b0d9ea95a0171fbde502fa", "source": "polymarket"}
{"timestamp_utc": "2026-03-26T13:49:07Z", "market_key": "SOL5M_2026-03-26T14:00:00Z", "condition_id": "0x75004530723c0878405b73a6edffbefae759cfc5aa88bdfa45b2ab5ff66ce3af", "trade_id": "0x4812ca99d5df987ad67a36ab7d0d43b10ba56cff2301fa56c3b32e34ca79253c:98962333835932724172706893234441148354676146677314516822913323118510688631726:1774532947", "side": "buy", "price": 0.51, "size": 5.0, "outcome": "down", "asset": "98962333835932724172706893234441148354676146677314516822913323118510688631726", "transaction_hash": "0x4812ca99d5df987ad67a36ab7d0d43b10ba56cff2301fa56c3b32e34ca79253c", "source": "polymarket"}
{"timestamp_utc": "2026-03-26T13:49:29Z", "market_key": "SOL5M_2026-03-26T14:00:00Z", "condition_id": "0x75004530723c0878405b73a6edffbefae759cfc5aa88bdfa45b2ab5ff66ce3af", "trade_id": "0xae70e8340cf53d620af40fef0c809e4a7a7138233115e5938cab14a85e3c503a:6497462929760307984313676120987872045088140359099951294244837359633802302525:1774532969", "side": "sell", "price": 0.49, "size": 2.95, "outcome": "up", "asset": "6497462929760307984313676120987872045088140359099951294244837359633802302525", "transaction_hash": "0xae70e8340cf53d620af40fef0c809e4a7a7138233115e5938cab14a85e3c503a", "source": "polymarket"}
{"timestamp_utc": "2026-03-26T13:50:05Z", "market_key": "SOL5M_2026-03-26T14:00:00Z", "condition_id": "0x75004530723c0878405b73a6edffbefae759cfc5aa88bdfa45b2ab5ff66ce3af", "trade_id": "0x2e0efd8b6157cadc53d48851a37293b3a060583c6e3c33d019d4ee8e94b2dea4:6497462929760307984313676120987872045088140359099951294244837359633802302525:1774533005", "side": "buy", "price": 0.5099998316998873, "size": 1.960783, "outcome": "up", "asset": "6497462929760307984313676120987872045088140359099951294244837359633802302525", "transaction_hash": "0x2e0efd8b6157cadc53d48851a37293b3a060583c6e3c33d019d4ee8e94b2dea4", "source": "polymarket"}
{"timestamp_utc": "2026-03-26T13:50:05Z", "market_key": "SOL5M_2026-03-26T14:00:00Z", "condition_id": "0x75004530723c0878405b73a6edffbefae759cfc5aa88bdfa45b2ab5ff66ce3af", "trade_id": "0x978fa26d1a7ba850aa3e3a6ac3a7bdf6327cc3d90777f85b7a56d49b5ed54249:98962333835932724172706893234441148354676146677314516822913323118510688631726:1774533005", "side": "buy", "price": 0.5, "size": 2.0, "outcome": "down", "asset": "98962333835932724172706893234441148354676146677314516822913323118510688631726", "transaction_hash": "0x978fa26d1a7ba850aa3e3a6ac3a7bdf6327cc3d90777f85b7a56d49b5ed54249", "source": "polymarket"}
{"timestamp_utc": "2026-03-26T13:50:07Z", "market_key": "SOL5M_2026-03-26T14:00:00Z", "condition_id": "0x75004530723c0878405b73a6edffbefae759cfc5aa88bdfa45b2ab5ff66ce3af", "trade_id": "0x542b25f477f73eb3ae884c7da6c0e729e4ec0b62d98eeaef4580685551ce15e8:98962333835932724172706893234441148354676146677314516822913323118510688631726:1774533007", "side": "buy", "price": 0.5099999794630864, "size": 23.372548, "outcome": "down", "asset": "98962333835932724172706893234441148354676146677314516822913323118510688631726", "transaction_hash": "0x542b25f477f73eb3ae884c7da6c0e729e4ec0b62d98eeaef4580685551ce15e8", "source": "polymarket"}
{"timestamp_utc": "2026-03-26T13:50:07Z", "market_key": "SOL5M_2026-03-26T14:00:00Z", "condition_id": "0x75004530723c0878405b73a6edffbefae759cfc5aa88bdfa45b2ab5ff66ce3af", "trade_id": "0xf3eae38a0c04e82d2771a6aa3eb8e7412c39210c7cef44a743d1e1edf83e04b6:98962333835932724172706893234441148354676146677314516822913323118510688631726:1774533007", "side": "buy", "price": 0.506600084997875, "size": 23.53, "outcome": "down", "asset": "98962333835932724172706893234441148354676146677314516822913323118510688631726", "transaction_hash": "0xf3eae38a0c04e82d2771a6aa3eb8e7412c39210c7cef44a743d1e1edf83e04b6", "source": "polymarket"}
{"timestamp_utc": "2026-03-26T13:50:11Z", "market_key": "SOL5M_2026-03-26T14:00:00Z", "condition_id": "0x75004530723c0878405b73a6edffbefae759cfc5aa88bdfa45b2ab5ff66ce3af", "trade_id": "0x955389c95e8f877986f431a378a6e5bebd8b2ef3ff8f336beabec3c90b51182b:98962333835932724172706893234441148354676146677314516822913323118510688631726:1774533011", "side": "buy", "price": 0.51, "size": 3.0, "outcome": "down", "asset": "98962333835932724172706893234441148354676146677314516822913323118510688631726", "transaction_hash": "0x955389c95e8f877986f431a378a6e5bebd8b2ef3ff8f336beabec3c90b51182b", "source": "polymarket"}
{"timestamp_utc": "2026-03-26T13:50:17Z", "market_key": "SOL5M_2026-03-26T14:00:00Z", "condition_id": "0x75004530723c0878405b73a6edffbefae759cfc5aa88bdfa45b2ab5ff66ce3af", "trade_id": "0xdc63665f2833200b0fd8649076f7fa0c923ce682d2a20f3b4eb1c912b2840d02:6497462929760307984313676120987872045088140359099951294244837359633802302525:1774533017", "side": "buy", "price": 0.5099999781886775, "size": 15.588234, "outcome": "up", "asset": "6497462929760307984313676120987872045088140359099951294244837359633802302525", "transaction_hash": "0xdc63665f2833200b0fd8649076f7fa0c923ce682d2a20f3b4eb1c912b2840d02", "source": "polymarket"}
{"timestamp_utc": "2026-03-26T13:50:43Z", "market_key": "SOL5M_2026-03-26T14:00:00Z", "condition_id": "0x75004530723c0878405b73a6edffbefae759cfc5aa88bdfa45b2ab5ff66ce3af", "trade_id": "0x5492f64aa0f55b56916b4e7008d08fb726975774176cc737a880513b822c2877:98962333835932724172706893234441148354676146677314516822913323118510688631726:1774533043", "side": "buy", "price": 0.51, "size": 3.07, "outcome": "down", "asset": "98962333835932724172706893234441148354676146677314516822913323118510688631726", "transaction_hash": "0x5492f64aa0f55b56916b4e7008d08fb726975774176cc737a880513b822c2877", "source": "polymarket"}
{"timestamp_utc": "2026-03-26T13:50:43Z", "market_key": "SOL5M_2026-03-26T14:00:00Z", "condition_id": "0x75004530723c0878405b73a6edffbefae759cfc5aa88bdfa45b2ab5ff66ce3af", "trade_id": "0x4dd438a5a01f76431ede4d4f2e219098f5e74be94af85ff8fdafe674d3645746:98962333835932724172706893234441148354676146677314516822913323118510688631726:1774533043", "side": "buy", "price": 0.51, "size": 4.29, "outcome": "down", "asset": "98962333835932724172706893234441148354676146677314516822913323118510688631726", "transaction_hash": "0x4dd438a5a01f76431ede4d4f2e219098f5e74be94af85ff8fdafe674d3645746", "source": "polymarket"}
{"timestamp_utc": "2026-03-26T13:51:07Z", "market_key": "SOL5M_2026-03-26T14:00:00Z", "condition_id": "0x75004530723c0878405b73a6edffbefae759cfc5aa88bdfa45b2ab5ff66ce3af", "trade_id": "0x3e40f20484a3e7dfa1e5119f3810102dae6bef5d0be159aff0cdc621d6ec327c:98962333835932724172706893234441148354676146677314516822913323118510688631726:1774533067", "side": "sell", "price": 0.49, "size": 4.92, "outcome": "down", "asset": "98962333835932724172706893234441148354676146677314516822913323118510688631726", "transaction_hash": "0x3e40f20484a3e7dfa1e5119f3810102dae6bef5d0be159aff0cdc621d6ec327c", "source": "polymarket"}
{"timestamp_utc": "2026-03-26T13:52:35Z", "market_key": "SOL5M_2026-03-26T14:00:00Z", "condition_id": "0x75004530723c0878405b73a6edffbefae759cfc5aa88bdfa45b2ab5ff66ce3af", "trade_id": "0xb823b3d91981566241338dd5671ec08a3a26e8e2dc3a2c08bb8d7e9b09774a8f:6497462929760307984313676120987872045088140359099951294244837359633802302525:1774533155", "side": "buy", "price": 0.5, "size": 5.0, "outcome": "up", "asset": "6497462929760307984313676120987872045088140359099951294244837359633802302525", "transaction_hash": "0xb823b3d91981566241338dd5671ec08a3a26e8e2dc3a2c08bb8d7e9b09774a8f", "source": "polymarket"}
{"timestamp_utc": "2026-03-26T13:53:01Z", "market_key": "SOL5M_2026-03-26T14:00:00Z", "condition_id": "0x75004530723c0878405b73a6edffbefae759cfc5aa88bdfa45b2ab5ff66ce3af", "trade_id": "0x289e7e12238020e5c9479dafc77050df9eed9306faca670907c0092c3273b86d:98962333835932724172706893234441148354676146677314516822913323118510688631726:1774533181", "side": "buy", "price": 0.51, "size": 7.14, "outcome": "down", "asset": "98962333835932724172706893234441148354676146677314516822913323118510688631726", "transaction_hash": "0x289e7e12238020e5c9479dafc77050df9eed9306faca670907c0092c3273b86d", "source": "polymarket"}
{"timestamp_utc": "2026-03-26T13:53:41Z", "market_key": "SOL5M_2026-03-26T14:00:00Z", "condition_id": "0x75004530723c0878405b73a6edffbefae759cfc5aa88bdfa45b2ab5ff66ce3af", "trade_id": "0x5dd3b932b44fb7cfdb5bbc46d64ab97471166ac2a103cadc628d58bdc5fb8e05:98962333835932724172706893234441148354676146677314516822913323118510688631726:1774533221", "side": "buy", "price": 0.509999956649982, "size": 3.921567, "outcome": "down", "asset": "98962333835932724172706893234441148354676146677314516822913323118510688631726", "transaction_hash": "0x5dd3b932b44fb7cfdb5bbc46d64ab97471166ac2a103cadc628d58bdc5fb8e05", "source": "polymarket"}
{"timestamp_utc": "2026-03-26T13:53:43Z", "market_key": "SOL5M_2026-03-26T14:00:00Z", "condition_id": "0x75004530723c0878405b73a6edffbefae759cfc5aa88bdfa45b2ab5ff66ce3af", "trade_id": "0x38793cf9761b3c8f99f981437f5a2ac062eb9a4a585103a711b72cbd9e2827f9:98962333835932724172706893234441148354676146677314516822913323118510688631726:1774533223", "side": "buy", "price": 0.51, "size": 8.88, "outcome": "down", "asset": "98962333835932724172706893234441148354676146677314516822913323118510688631726", "transaction_hash": "0x38793cf9761b3c8f99f981437f5a2ac062eb9a4a585103a711b72cbd9e2827f9", "source": "polymarket"}
{"timestamp_utc": "2026-03-26T13:53:45Z", "market_key": "SOL5M_2026-03-26T14:00:00Z", "condition_id": "0x75004530723c0878405b73a6edffbefae759cfc5aa88bdfa45b2ab5ff66ce3af", "trade_id": "0x81b6be14e741db0ccd4041dee64f7045113db134a933b9ebc55340594e2af418:6497462929760307984313676120987872045088140359099951294244837359633802302525:1774533225", "side": "buy", "price": 0.5, "size": 19.08, "outcome": "up", "asset": "6497462929760307984313676120987872045088140359099951294244837359633802302525", "transaction_hash": "0x81b6be14e741db0ccd4041dee64f7045113db134a933b9ebc55340594e2af418", "source": "polymarket"}
{"timestamp_utc": "2026-03-26T13:54:05Z", "market_key": "SOL5M_2026-03-26T14:00:00Z", "condition_id": "0x75004530723c0878405b73a6edffbefae759cfc5aa88bdfa45b2ab5ff66ce3af", "trade_id": "0x8c38096af9c771881d9a5a3f4c22fb68d2af67b7a5567fec368223bc7eee39e2:98962333835932724172706893234441148354676146677314516822913323118510688631726:1774533245", "side": "buy", "price": 0.51, "size": 37.83, "outcome": "down", "asset": "98962333835932724172706893234441148354676146677314516822913323118510688631726", "transaction_hash": "0x8c38096af9c771881d9a5a3f4c22fb68d2af67b7a5567fec368223bc7eee39e2", "source": "polymarket"}
{"timestamp_utc": "2026-03-26T13:54:21Z", "market_key": "SOL5M_2026-03-26T14:00:00Z", "condition_id": "0x75004530723c0878405b73a6edffbefae759cfc5aa88bdfa45b2ab5ff66ce3af", "trade_id": "0xc78c6cb3d0145631d13df14ab97c2aa5d79511e3a7c461e88934dad177d4c2b0:98962333835932724172706893234441148354676146677314516822913323118510688631726:1774533261", "side": "buy", "price": 0.5199999554285434, "size": 2.692306, "outcome": "down", "asset": "98962333835932724172706893234441148354676146677314516822913323118510688631726", "transaction_hash": "0xc78c6cb3d0145631d13df14ab97c2aa5d79511e3a7c461e88934dad177d4c2b0", "source": "polymarket"}
{"timestamp_utc": "2026-03-26T13:54:49Z", "market_key": "SOL5M_2026-03-26T14:00:00Z", "condition_id": "0x75004530723c0878405b73a6edffbefae759cfc5aa88bdfa45b2ab5ff66ce3af", "trade_id": "0xd40cd41898b6cdafb5890c85eb6dbfa57b597bad3a331e504428d14b576c731f:98962333835932724172706893234441148354676146677314516822913323118510688631726:1774533289", "side": "buy", "price": 0.52, "size": 29.8, "outcome": "down", "asset": "98962333835932724172706893234441148354676146677314516822913323118510688631726", "transaction_hash": "0xd40cd41898b6cdafb5890c85eb6dbfa57b597bad3a331e504428d14b576c731f", "source": "polymarket"}
{"timestamp_utc": "2026-03-26T13:54:55Z", "market_key": "SOL5M_2026-03-26T14:00:00Z", "condition_id": "0x75004530723c0878405b73a6edffbefae759cfc5aa88bdfa45b2ab5ff66ce3af", "trade_id": "0x50d351a63eb0629136de76b5fe0a98c846a7104b937dc4464b776be2b85824b7:98962333835932724172706893234441148354676146677314516822913323118510688631726:1774533295", "side": "buy", "price": 0.55, "size": 11.0, "outcome": "down", "asset": "98962333835932724172706893234441148354676146677314516822913323118510688631726", "transaction_hash": "0x50d351a63eb0629136de76b5fe0a98c846a7104b937dc4464b776be2b85824b7", "source": "polymarket"}
{"timestamp_utc": "2026-03-26T13:54:55Z", "market_key": "SOL5M_2026-03-26T14:00:00Z", "condition_id": "0x75004530723c0878405b73a6edffbefae759cfc5aa88bdfa45b2ab5ff66ce3af", "trade_id": "0x6c516f5a515149e8813d98dc3a804f45c9a1471ca8d9482506442f74223d7d3e:98962333835932724172706893234441148354676146677314516822913323118510688631726:1774533295", "side": "buy", "price": 0.55, "size": 6.0, "outcome": "down", "asset": "98962333835932724172706893234441148354676146677314516822913323118510688631726", "transaction_hash": "0x6c516f5a515149e8813d98dc3a804f45c9a1471ca8d9482506442f74223d7d3e", "source": "polymarket"}
{"timestamp_utc": "2026-03-26T13:54:57Z", "market_key": "SOL5M_2026-03-26T14:00:00Z", "condition_id": "0x75004530723c0878405b73a6edffbefae759cfc5aa88bdfa45b2ab5ff66ce3af", "trade_id": "0xdad4b27caf0fa26712e9e059e63c93c45a6502e0e916de4f3beeafd0ade11519:98962333835932724172706893234441148354676146677314516822913323118510688631726:1774533297", "side": "buy", "price": 0.55, "size": 11.0, "outcome": "down", "asset": "98962333835932724172706893234441148354676146677314516822913323118510688631726", "transaction_hash": "0xdad4b27caf0fa26712e9e059e63c93c45a6502e0e916de4f3beeafd0ade11519", "source": "polymarket"}
{"timestamp_utc": "2026-03-26T13:55:03Z", "market_key": "SOL5M_2026-03-26T14:00:00Z", "condition_id": "0x75004530723c0878405b73a6edffbefae759cfc5aa88bdfa45b2ab5ff66ce3af", "trade_id": "0xcb64991a7167bbeee24ff800a1f746b04a42a2ff458d3dda0ecdc5eee3772c2f:98962333835932724172706893234441148354676146677314516822913323118510688631726:1774533303", "side": "buy", "price": 0.6290028818443804, "size": 34.7, "outcome": "down", "asset": "98962333835932724172706893234441148354676146677314516822913323118510688631726", "transaction_hash": "0xcb64991a7167bbeee24ff800a1f746b04a42a2ff458d3dda0ecdc5eee3772c2f", "source": "polymarket"}
{"timestamp_utc": "2026-03-26T13:55:03Z", "market_key": "SOL5M_2026-03-26T14:00:00Z", "condition_id": "0x75004530723c0878405b73a6edffbefae759cfc5aa88bdfa45b2ab5ff66ce3af", "trade_id": "0xb6b4f180385159dc3e6e63135543901f636c83f824bae137f260aa1692ca025d:98962333835932724172706893234441148354676146677314516822913323118510688631726:1774533303", "side": "buy", "price": 0.62, "size": 5.84, "outcome": "down", "asset": "98962333835932724172706893234441148354676146677314516822913323118510688631726", "transaction_hash": "0xb6b4f180385159dc3e6e63135543901f636c83f824bae137f260aa1692ca025d", "source": "polymarket"}
{"timestamp_utc": "2026-03-26T13:55:03Z", "market_key": "SOL5M_2026-03-26T14:00:00Z", "condition_id": "0x75004530723c0878405b73a6edffbefae759cfc5aa88bdfa45b2ab5ff66ce3af", "trade_id": "0x05c223fd9329b132e7e5c330f2744b6852f35774b23b0b7f6d232518cd1d973e:98962333835932724172706893234441148354676146677314516822913323118510688631726:1774533303", "side": "buy", "price": 0.62, "size": 5.67, "outcome": "down", "asset": "98962333835932724172706893234441148354676146677314516822913323118510688631726", "transaction_hash": "0x05c223fd9329b132e7e5c330f2744b6852f35774b23b0b7f6d232518cd1d973e", "source": "polymarket"}
{"timestamp_utc": "2026-03-26T13:55:03Z", "market_key": "SOL5M_2026-03-26T14:00:00Z", "condition_id": "0x75004530723c0878405b73a6edffbefae759cfc5aa88bdfa45b2ab5ff66ce3af", "trade_id": "0xa4919ba1429b50c27f6cb2844c6bd451b1b6f8131833946613da79266e7988bf:6497462929760307984313676120987872045088140359099951294244837359633802302525:1774533303", "side": "buy", "price": 0.48999999359476926, "size": 6.244896, "outcome": "up", "asset": "6497462929760307984313676120987872045088140359099951294244837359633802302525", "transaction_hash": "0xa4919ba1429b50c27f6cb2844c6bd451b1b6f8131833946613da79266e7988bf", "source": "polymarket"}
{"timestamp_utc": "2026-03-26T13:55:03Z", "market_key": "SOL5M_2026-03-26T14:00:00Z", "condition_id": "0x75004530723c0878405b73a6edffbefae759cfc5aa88bdfa45b2ab5ff66ce3af", "trade_id": "0x07fe65b513b4fcab876e9541534634d4cef212831514cc36aa6979285fa26b49:98962333835932724172706893234441148354676146677314516822913323118510688631726:1774533303", "side": "buy", "price": 0.5576519490350623, "size": 8.517856, "outcome": "down", "asset": "98962333835932724172706893234441148354676146677314516822913323118510688631726", "transaction_hash": "0x07fe65b513b4fcab876e9541534634d4cef212831514cc36aa6979285fa26b49", "source": "polymarket"}
{"timestamp_utc": "2026-03-26T13:55:05Z", "market_key": "SOL5M_2026-03-26T14:00:00Z", "condition_id": "0x75004530723c0878405b73a6edffbefae759cfc5aa88bdfa45b2ab5ff66ce3af", "trade_id": "0x8783afc4a6c98ff650364f3d3611fb59b4d99c20922f11497d7f886c9667a72c:98962333835932724172706893234441148354676146677314516822913323118510688631726:1774533305", "side": "buy", "price": 0.5299998780999061, "size": 3.773582, "outcome": "down", "asset": "98962333835932724172706893234441148354676146677314516822913323118510688631726", "transaction_hash": "0x8783afc4a6c98ff650364f3d3611fb59b4d99c20922f11497d7f886c9667a72c", "source": "polymarket"}
{"timestamp_utc": "2026-03-26T13:55:05Z", "market_key": "SOL5M_2026-03-26T14:00:00Z", "condition_id": "0x75004530723c0878405b73a6edffbefae759cfc5aa88bdfa45b2ab5ff66ce3af", "trade_id": "0x2100acc3aa543a02be1037a0a161967f0c86ff03900bebadbd40cd96c13529b5:98962333835932724172706893234441148354676146677314516822913323118510688631726:1774533305", "side": "buy", "price": 0.53, "size": 5.0, "outcome": "down", "asset": "98962333835932724172706893234441148354676146677314516822913323118510688631726", "transaction_hash": "0x2100acc3aa543a02be1037a0a161967f0c86ff03900bebadbd40cd96c13529b5", "source": "polymarket"}
{"timestamp_utc": "2026-03-26T13:55:05Z", "market_key": "SOL5M_2026-03-26T14:00:00Z", "condition_id": "0x75004530723c0878405b73a6edffbefae759cfc5aa88bdfa45b2ab5ff66ce3af", "trade_id": "0x8ef271d0bfbdb46a975b649d2c34eb8b6a00e9b772819b38fdad2ba9ca0102b6:98962333835932724172706893234441148354676146677314516822913323118510688631726:1774533305", "side": "buy", "price": 0.529999980370359, "size": 3.056602, "outcome": "down", "asset": "98962333835932724172706893234441148354676146677314516822913323118510688631726", "transaction_hash": "0x8ef271d0bfbdb46a975b649d2c34eb8b6a00e9b772819b38fdad2ba9ca0102b6", "source": "polymarket"}
{"timestamp_utc": "2026-03-26T13:55:05Z", "market_key": "SOL5M_2026-03-26T14:00:00Z", "condition_id": "0x75004530723c0878405b73a6edffbefae759cfc5aa88bdfa45b2ab5ff66ce3af", "trade_id": "0x95ab6dad93ab10cb58bab016ccd44c82d454795d9aabf3c1dc1a746cf7f181f3:98962333835932724172706893234441148354676146677314516822913323118510688631726:1774533305", "side": "buy", "price": 0.59, "size": 5.0, "outcome": "down", "asset": "98962333835932724172706893234441148354676146677314516822913323118510688631726", "transaction_hash": "0x95ab6dad93ab10cb58bab016ccd44c82d454795d9aabf3c1dc1a746cf7f181f3", "source": "polymarket"}
{"timestamp_utc": "2026-03-26T13:55:05Z", "market_key": "SOL5M_2026-03-26T14:00:00Z", "condition_id": "0x75004530723c0878405b73a6edffbefae759cfc5aa88bdfa45b2ab5ff66ce3af", "trade_id": "0xd661ef810ac892f70e43e2fbd9b1fb695c2f5da750304419876aa98473c68193:98962333835932724172706893234441148354676146677314516822913323118510688631726:1774533305", "side": "buy", "price": 0.63, "size": 34.02, "outcome": "down", "asset": "98962333835932724172706893234441148354676146677314516822913323118510688631726", "transaction_hash": "0xd661ef810ac892f70e43e2fbd9b1fb695c2f5da750304419876aa98473c68193", "source": "polymarket"}
{"timestamp_utc": "2026-03-26T13:55:07Z", "market_key": "SOL5M_2026-03-26T14:00:00Z", "condition_id": "0x75004530723c0878405b73a6edffbefae759cfc5aa88bdfa45b2ab5ff66ce3af", "trade_id": "0x3df1c14395fbd2398179340b404d99555f68c5f61027ac832623296d8ecf56b4:98962333835932724172706893234441148354676146677314516822913323118510688631726:1774533307", "side": "buy", "price": 0.5299998780999061, "size": 1.886791, "outcome": "down", "asset": "98962333835932724172706893234441148354676146677314516822913323118510688631726", "transaction_hash": "0x3df1c14395fbd2398179340b404d99555f68c5f61027ac832623296d8ecf56b4", "source": "polymarket"}
{"timestamp_utc": "2026-03-26T13:55:07Z", "market_key": "SOL5M_2026-03-26T14:00:00Z", "condition_id": "0x75004530723c0878405b73a6edffbefae759cfc5aa88bdfa45b2ab5ff66ce3af", "trade_id": "0x377a76ee41c134902bc69e0845dcc312b6c34d353aefd07c4f921134e7a83fad:98962333835932724172706893234441148354676146677314516822913323118510688631726:1774533307", "side": "buy", "price": 0.5199998335999201, "size": 2.403845, "outcome": "down", "asset": "98962333835932724172706893234441148354676146677314516822913323118510688631726", "transaction_hash": "0x377a76ee41c134902bc69e0845dcc312b6c34d353aefd07c4f921134e7a83fad", "source": "polymarket"}
{"timestamp_utc": "2026-03-26T13:55:07Z", "market_key": "SOL5M_2026-03-26T14:00:00Z", "condition_id": "0x75004530723c0878405b73a6edffbefae759cfc5aa88bdfa45b2ab5ff66ce3af", "trade_id": "0x9ae2652204001f4f97f24fa8d398b8d6651c7a965ed46d902def0759dc5b3fde:6497462929760307984313676120987872045088140359099951294244837359633802302525:1774533307", "side": "buy", "price": 0.49, "size": 5.0, "outcome": "up", "asset": "6497462929760307984313676120987872045088140359099951294244837359633802302525", "transaction_hash": "0x9ae2652204001f4f97f24fa8d398b8d6651c7a965ed46d902def0759dc5b3fde", "source": "polymarket"}
{"timestamp_utc": "2026-03-26T13:55:07Z", "market_key": "SOL5M_2026-03-26T14:00:00Z", "condition_id": "0x75004530723c0878405b73a6edffbefae759cfc5aa88bdfa45b2ab5ff66ce3af", "trade_id": "0x3f65db5d5d33b67605806e0905ce9253eddb892af256802d59be1d0ee568099f:6497462929760307984313676120987872045088140359099951294244837359633802302525:1774533307", "side": "buy", "price": 0.48999998523540395, "size": 21.673468, "outcome": "up", "asset": "6497462929760307984313676120987872045088140359099951294244837359633802302525", "transaction_hash": "0x3f65db5d5d33b67605806e0905ce9253eddb892af256802d59be1d0ee568099f", "source": "polymarket"}
{"timestamp_utc": "2026-03-26T13:55:09Z", "market_key": "SOL5M_2026-03-26T14:00:00Z", "condition_id": "0x75004530723c0878405b73a6edffbefae759cfc5aa88bdfa45b2ab5ff66ce3af", "trade_id": "0x5ad98adf8510e600f34c610ee7ff9286b7dc6f550b1313cac14d2f0b6b8e21af:6497462929760307984313676120987872045088140359099951294244837359633802302525:1774533309", "side": "buy", "price": 0.4799999733744196, "size": 13.520832, "outcome": "up", "asset": "6497462929760307984313676120987872045088140359099951294244837359633802302525", "transaction_hash": "0x5ad98adf8510e600f34c610ee7ff9286b7dc6f550b1313cac14d2f0b6b8e21af", "source": "polymarket"}
{"timestamp_utc": "2026-03-26T13:55:09Z", "market_key": "SOL5M_2026-03-26T14:00:00Z", "condition_id": "0x75004530723c0878405b73a6edffbefae759cfc5aa88bdfa45b2ab5ff66ce3af", "trade_id": "0x60b2b5ba51504404255f75f0956466bc270bcd5f88fc4d12a7b887601d6cad35:6497462929760307984313676120987872045088140359099951294244837359633802302525:1774533309", "side": "buy", "price": 0.4759663570787342, "size": 12.395832, "outcome": "up", "asset": "6497462929760307984313676120987872045088140359099951294244837359633802302525", "transaction_hash": "0x60b2b5ba51504404255f75f0956466bc270bcd5f88fc4d12a7b887601d6cad35", "source": "polymarket"}
{"timestamp_utc": "2026-03-26T13:55:09Z", "market_key": "SOL5M_2026-03-26T14:00:00Z", "condition_id": "0x75004530723c0878405b73a6edffbefae759cfc5aa88bdfa45b2ab5ff66ce3af", "trade_id": "0x96dc5f2ff3ae9b504dfec1fa9a71306b479e313d0fddd54ce3505e44315faaad:6497462929760307984313676120987872045088140359099951294244837359633802302525:1774533309", "side": "sell", "price": 0.47, "size": 3.51, "outcome": "up", "asset": "6497462929760307984313676120987872045088140359099951294244837359633802302525", "transaction_hash": "0x96dc5f2ff3ae9b504dfec1fa9a71306b479e313d0fddd54ce3505e44315faaad", "source": "polymarket"}
{"timestamp_utc": "2026-03-26T13:55:09Z", "market_key": "SOL5M_2026-03-26T14:00:00Z", "condition_id": "0x75004530723c0878405b73a6edffbefae759cfc5aa88bdfa45b2ab5ff66ce3af", "trade_id": "0xfb098f3d53ca0ba0dad2f73a14a356c6643d361b69f4c82387e5a2b9b9ecb300:6497462929760307984313676120987872045088140359099951294244837359633802302525:1774533309", "side": "buy", "price": 0.48, "size": 5.0, "outcome": "up", "asset": "6497462929760307984313676120987872045088140359099951294244837359633802302525", "transaction_hash": "0xfb098f3d53ca0ba0dad2f73a14a356c6643d361b69f4c82387e5a2b9b9ecb300", "source": "polymarket"}
{"timestamp_utc": "2026-03-26T13:55:09Z", "market_key": "SOL5M_2026-03-26T14:00:00Z", "condition_id": "0x75004530723c0878405b73a6edffbefae759cfc5aa88bdfa45b2ab5ff66ce3af", "trade_id": "0xaae38ef6b8810f82b6304be811c0b3aefd71028d92f541b60a07e1ae1b8c03e4:6497462929760307984313676120987872045088140359099951294244837359633802302525:1774533309", "side": "buy", "price": 0.49157303370786515, "size": 14.24, "outcome": "up", "asset": "6497462929760307984313676120987872045088140359099951294244837359633802302525", "transaction_hash": "0xaae38ef6b8810f82b6304be811c0b3aefd71028d92f541b60a07e1ae1b8c03e4", "source": "polymarket"}
{"timestamp_utc": "2026-03-26T13:55:09Z", "market_key": "SOL5M_2026-03-26T14:00:00Z", "condition_id": "0x75004530723c0878405b73a6edffbefae759cfc5aa88bdfa45b2ab5ff66ce3af", "trade_id": "0x478e541479ad01f8c308b3431949789bd8757d742c17dae34599f215a01606f5:98962333835932724172706893234441148354676146677314516822913323118510688631726:1774533309", "side": "buy", "price": 0.51, "size": 5.0, "outcome": "down", "asset": "98962333835932724172706893234441148354676146677314516822913323118510688631726", "transaction_hash": "0x478e541479ad01f8c308b3431949789bd8757d742c17dae34599f215a01606f5", "source": "polymarket"}
{"timestamp_utc": "2026-03-26T13:55:09Z", "market_key": "SOL5M_2026-03-26T14:00:00Z", "condition_id": "0x75004530723c0878405b73a6edffbefae759cfc5aa88bdfa45b2ab5ff66ce3af", "trade_id": "0x6cf834f22bdf6b9be4279ab1f7409398670d332b7e3e724315cac332a7ea6e59:6497462929760307984313676120987872045088140359099951294244837359633802302525:1774533309", "side": "buy", "price": 0.5, "size": 14.0, "outcome": "up", "asset": "6497462929760307984313676120987872045088140359099951294244837359633802302525", "transaction_hash": "0x6cf834f22bdf6b9be4279ab1f7409398670d332b7e3e724315cac332a7ea6e59", "source": "polymarket"}
{"timestamp_utc": "2026-03-26T13:55:09Z", "market_key": "SOL5M_2026-03-26T14:00:00Z", "condition_id": "0x75004530723c0878405b73a6edffbefae759cfc5aa88bdfa45b2ab5ff66ce3af", "trade_id": "0xe7ced214a7bf57c30649fdf0c77c5acb6a2cfae0492cbbe8fc32858c3933926b:98962333835932724172706893234441148354676146677314516822913323118510688631726:1774533309", "side": "buy", "price": 0.51, "size": 5.0, "outcome": "down", "asset": "98962333835932724172706893234441148354676146677314516822913323118510688631726", "transaction_hash": "0xe7ced214a7bf57c30649fdf0c77c5acb6a2cfae0492cbbe8fc32858c3933926b", "source": "polymarket"}
{"timestamp_utc": "2026-03-26T13:55:09Z", "market_key": "SOL5M_2026-03-26T14:00:00Z", "condition_id": "0x75004530723c0878405b73a6edffbefae759cfc5aa88bdfa45b2ab5ff66ce3af", "trade_id": "0x9cfde211c3f58cab4ad3449192aa383910ff011b20d6cd4b663b8d40e3daebbd:6497462929760307984313676120987872045088140359099951294244837359633802302525:1774533309", "side": "buy", "price": 0.5, "size": 15.0, "outcome": "up", "asset": "6497462929760307984313676120987872045088140359099951294244837359633802302525", "transaction_hash": "0x9cfde211c3f58cab4ad3449192aa383910ff011b20d6cd4b663b8d40e3daebbd", "source": "polymarket"}
{"timestamp_utc": "2026-03-26T13:55:09Z", "market_key": "SOL5M_2026-03-26T14:00:00Z", "condition_id": "0x75004530723c0878405b73a6edffbefae759cfc5aa88bdfa45b2ab5ff66ce3af", "trade_id": "0x8ff724e65c1408a79e087514d4da92d755ce3cf46d21cb86fce2c0a7cc7e4f6f:6497462929760307984313676120987872045088140359099951294244837359633802302525:1774533309", "side": "buy", "price": 0.49, "size": 31.87, "outcome": "up", "asset": "6497462929760307984313676120987872045088140359099951294244837359633802302525", "transaction_hash": "0x8ff724e65c1408a79e087514d4da92d755ce3cf46d21cb86fce2c0a7cc7e4f6f", "source": "polymarket"}
{"timestamp_utc": "2026-03-26T13:55:11Z", "market_key": "SOL5M_2026-03-26T14:00:00Z", "condition_id": "0x75004530723c0878405b73a6edffbefae759cfc5aa88bdfa45b2ab5ff66ce3af", "trade_id": "0x59b043a21faad6c69434ecafd052da887f74604fd0d1c4ddc4ae81e1ec0910df:6497462929760307984313676120987872045088140359099951294244837359633802302525:1774533311", "side": "buy", "price": 0.4799999733744196, "size": 13.520832, "outcome": "up", "asset": "6497462929760307984313676120987872045088140359099951294244837359633802302525", "transaction_hash": "0x59b043a21faad6c69434ecafd052da887f74604fd0d1c4ddc4ae81e1ec0910df", "source": "polymarket"}
{"timestamp_utc": "2026-03-26T13:55:11Z", "market_key": "SOL5M_2026-03-26T14:00:00Z", "condition_id": "0x75004530723c0878405b73a6edffbefae759cfc5aa88bdfa45b2ab5ff66ce3af", "trade_id": "0xcaa768f4b66384ad5a0c4911cd61273b74fb415905acc2b0a6e99eaf8cae0f4d:98962333835932724172706893234441148354676146677314516822913323118510688631726:1774533311", "side": "buy", "price": 0.53, "size": 5.0, "outcome": "down", "asset": "98962333835932724172706893234441148354676146677314516822913323118510688631726", "transaction_hash": "0xcaa768f4b66384ad5a0c4911cd61273b74fb415905acc2b0a6e99eaf8cae0f4d", "source": "polymarket"}
{"timestamp_utc": "2026-03-26T13:55:11Z", "market_key": "SOL5M_2026-03-26T14:00:00Z", "condition_id": "0x75004530723c0878405b73a6edffbefae759cfc5aa88bdfa45b2ab5ff66ce3af", "trade_id": "0x820078e47cce0f3257f9734a6f46df506a4a06f9d0d0ee209285151e70bea32b:6497462929760307984313676120987872045088140359099951294244837359633802302525:1774533311", "side": "buy", "price": 0.4699999761016921, "size": 12.55319, "outcome": "up", "asset": "6497462929760307984313676120987872045088140359099951294244837359633802302525", "transaction_hash": "0x820078e47cce0f3257f9734a6f46df506a4a06f9d0d0ee209285151e70bea32b", "source": "polymarket"}
{"timestamp_utc": "2026-03-26T13:55:11Z", "market_key": "SOL5M_2026-03-26T14:00:00Z", "condition_id": "0x75004530723c0878405b73a6edffbefae759cfc5aa88bdfa45b2ab5ff66ce3af", "trade_id": "0x1fd536efbbaa234620cd7a884a13d82d02451c17fb36748303221052d9b31401:98962333835932724172706893234441148354676146677314516822913323118510688631726:1774533311", "side": "buy", "price": 0.54, "size": 5.0, "outcome": "down", "asset": "98962333835932724172706893234441148354676146677314516822913323118510688631726", "transaction_hash": "0x1fd536efbbaa234620cd7a884a13d82d02451c17fb36748303221052d9b31401", "source": "polymarket"}
{"timestamp_utc": "2026-03-26T13:55:11Z", "market_key": "SOL5M_2026-03-26T14:00:00Z", "condition_id": "0x75004530723c0878405b73a6edffbefae759cfc5aa88bdfa45b2ab5ff66ce3af", "trade_id": "0x6aa9184311b378547e3a4cc6346e4a360842ad2fc279f9c6e32cb81889201287:6497462929760307984313676120987872045088140359099951294244837359633802302525:1774533311", "side": "buy", "price": 0.47968, "size": 5.0, "outcome": "up", "asset": "6497462929760307984313676120987872045088140359099951294244837359633802302525", "transaction_hash": "0x6aa9184311b378547e3a4cc6346e4a360842ad2fc279f9c6e32cb81889201287", "source": "polymarket"}
{"timestamp_utc": "2026-03-26T13:55:11Z", "market_key": "SOL5M_2026-03-26T14:00:00Z", "condition_id": "0x75004530723c0878405b73a6edffbefae759cfc5aa88bdfa45b2ab5ff66ce3af", "trade_id": "0x7b4a4860e12f2d1b182da5078be658065eb10d558306d84c3b92044896eb53ab:6497462929760307984313676120987872045088140359099951294244837359633802302525:1774533311", "side": "buy", "price": 0.47999998372881136, "size": 12.291665, "outcome": "up", "asset": "6497462929760307984313676120987872045088140359099951294244837359633802302525", "transaction_hash": "0x7b4a4860e12f2d1b182da5078be658065eb10d558306d84c3b92044896eb53ab", "source": "polymarket"}
{"timestamp_utc": "2026-03-26T13:55:13Z", "market_key": "SOL5M_2026-03-26T14:00:00Z", "condition_id": "0x75004530723c0878405b73a6edffbefae759cfc5aa88bdfa45b2ab5ff66ce3af", "trade_id": "0x4600a517163832d6f0ef3d2336d4c9d944b5ee93993d296f0b13a6014a634859:6497462929760307984313676120987872045088140359099951294244837359633802302525:1774533313", "side": "buy", "price": 0.46999998531249865, "size": 17.021275, "outcome": "up", "asset": "6497462929760307984313676120987872045088140359099951294244837359633802302525", "transaction_hash": "0x4600a517163832d6f0ef3d2336d4c9d944b5ee93993d296f0b13a6014a634859", "source": "polymarket"}
{"timestamp_utc": "2026-03-26T13:55:13Z", "market_key": "SOL5M_2026-03-26T14:00:00Z", "condition_id": "0x75004530723c0878405b73a6edffbefae759cfc5aa88bdfa45b2ab5ff66ce3af", "trade_id": "0x1c8662226e99ed07362918f3621805dc8ed0241d6126a6a5b9dfc3ae53958360:6497462929760307984313676120987872045088140359099951294244837359633802302525:1774533313", "side": "sell", "price": 0.46, "size": 4.04, "outcome": "up", "asset": "6497462929760307984313676120987872045088140359099951294244837359633802302525", "transaction_hash": "0x1c8662226e99ed07362918f3621805dc8ed0241d6126a6a5b9dfc3ae53958360", "source": "polymarket"}
{"timestamp_utc": "2026-03-26T13:55:13Z", "market_key": "SOL5M_2026-03-26T14:00:00Z", "condition_id": "0x75004530723c0878405b73a6edffbefae759cfc5aa88bdfa45b2ab5ff66ce3af", "trade_id": "0x8c14bdf01145d4a4aef17e241475ee76ba314571d4c9ca6a14975bfab22f6bbc:98962333835932724172706893234441148354676146677314516822913323118510688631726:1774533313", "side": "buy", "price": 0.54, "size": 5.0, "outcome": "down", "asset": "98962333835932724172706893234441148354676146677314516822913323118510688631726", "transaction_hash": "0x8c14bdf01145d4a4aef17e241475ee76ba314571d4c9ca6a14975bfab22f6bbc", "source": "polymarket"}
{"timestamp_utc": "2026-03-26T13:55:13Z", "market_key": "SOL5M_2026-03-26T14:00:00Z", "condition_id": "0x75004530723c0878405b73a6edffbefae759cfc5aa88bdfa45b2ab5ff66ce3af", "trade_id": "0xb6f193e87d97d98bf2ea284cd879810736c378d63441a3ce29e2b555cfc8c370:98962333835932724172706893234441148354676146677314516822913323118510688631726:1774533313", "side": "buy", "price": 0.5399999843729882, "size": 11.518517, "outcome": "down", "asset": "98962333835932724172706893234441148354676146677314516822913323118510688631726", "transaction_hash": "0xb6f193e87d97d98bf2ea284cd879810736c378d63441a3ce29e2b555cfc8c370", "source": "polymarket"}
{"timestamp_utc": "2026-03-26T13:55:13Z", "market_key": "SOL5M_2026-03-26T14:00:00Z", "condition_id": "0x75004530723c0878405b73a6edffbefae759cfc5aa88bdfa45b2ab5ff66ce3af", "trade_id": "0x5e4b273bdfc7a4712f5a7ab4dae339b41f3aa2f4706bc232615017e6e349c4ec:98962333835932724172706893234441148354676146677314516822913323118510688631726:1774533313", "side": "buy", "price": 0.5311474719053877, "size": 5.648147, "outcome": "down", "asset": "98962333835932724172706893234441148354676146677314516822913323118510688631726", "transaction_hash": "0x5e4b273bdfc7a4712f5a7ab4dae339b41f3aa2f4706bc232615017e6e349c4ec", "source": "polymarket"}
{"timestamp_utc": "2026-03-26T13:55:13Z", "market_key": "SOL5M_2026-03-26T14:00:00Z", "condition_id": "0x75004530723c0878405b73a6edffbefae759cfc5aa88bdfa45b2ab5ff66ce3af", "trade_id": "0xa3b065132403305fb4ebf4d84c07664ea5f90a17d139d0daaf3e622c37ddb443:6497462929760307984313676120987872045088140359099951294244837359633802302525:1774533313", "side": "buy", "price": 0.47, "size": 29.0, "outcome": "up", "asset": "6497462929760307984313676120987872045088140359099951294244837359633802302525", "transaction_hash": "0xa3b065132403305fb4ebf4d84c07664ea5f90a17d139d0daaf3e622c37ddb443", "source": "polymarket"}
{"timestamp_utc": "2026-03-26T13:55:15Z", "market_key": "SOL5M_2026-03-26T14:00:00Z", "condition_id": "0x75004530723c0878405b73a6edffbefae759cfc5aa88bdfa45b2ab5ff66ce3af", "trade_id": "0xd6f5ecb380f5d14b3a4b70aa8aaeaca5c1d428626465c72ee5924d952e8adb7d:98962333835932724172706893234441148354676146677314516822913323118510688631726:1774533315", "side": "sell", "price": 0.52, "size": 0.91, "outcome": "down", "asset": "98962333835932724172706893234441148354676146677314516822913323118510688631726", "transaction_hash": "0xd6f5ecb380f5d14b3a4b70aa8aaeaca5c1d428626465c72ee5924d952e8adb7d", "source": "polymarket"}
{"timestamp_utc": "2026-03-26T13:55:15Z", "market_key": "SOL5M_2026-03-26T14:00:00Z", "condition_id": "0x75004530723c0878405b73a6edffbefae759cfc5aa88bdfa45b2ab5ff66ce3af", "trade_id": "0xe59fefcf7a47c07fa414fb74eabc1cbc64a6b905e6bd25b7989b8578d5e42632:6497462929760307984313676120987872045088140359099951294244837359633802302525:1774533315", "side": "buy", "price": 0.47, "size": 7.59, "outcome": "up", "asset": "6497462929760307984313676120987872045088140359099951294244837359633802302525", "transaction_hash": "0xe59fefcf7a47c07fa414fb74eabc1cbc64a6b905e6bd25b7989b8578d5e42632", "source": "polymarket"}
{"timestamp_utc": "2026-03-26T13:55:15Z", "market_key": "SOL5M_2026-03-26T14:00:00Z", "condition_id": "0x75004530723c0878405b73a6edffbefae759cfc5aa88bdfa45b2ab5ff66ce3af", "trade_id": "0x8abc334da1aa2f80b436d937026fb3493b9e6eadba9afdf9df1d8d5dd42e8826:6497462929760307984313676120987872045088140359099951294244837359633802302525:1774533315", "side": "buy", "price": 0.46999998403773335, "size": 11.276594, "outcome": "up", "asset": "6497462929760307984313676120987872045088140359099951294244837359633802302525", "transaction_hash": "0x8abc334da1aa2f80b436d937026fb3493b9e6eadba9afdf9df1d8d5dd42e8826", "source": "polymarket"}
{"timestamp_utc": "2026-03-26T13:55:15Z", "market_key": "SOL5M_2026-03-26T14:00:00Z", "condition_id": "0x75004530723c0878405b73a6edffbefae759cfc5aa88bdfa45b2ab5ff66ce3af", "trade_id": "0x9c3681de0872ab1a23721d1d2f99d2830499ae955bfde49ba554b58f2f535786:6497462929760307984313676120987872045088140359099951294244837359633802302525:1774533315", "side": "buy", "price": 0.4599998825531382, "size": 3.065216, "outcome": "up", "asset": "6497462929760307984313676120987872045088140359099951294244837359633802302525", "transaction_hash": "0x9c3681de0872ab1a23721d1d2f99d2830499ae955bfde49ba554b58f2f535786", "source": "polymarket"}
{"timestamp_utc": "2026-03-26T13:55:15Z", "market_key": "SOL5M_2026-03-26T14:00:00Z", "condition_id": "0x75004530723c0878405b73a6edffbefae759cfc5aa88bdfa45b2ab5ff66ce3af", "trade_id": "0x7792564cd09b0196fd101166688e25e2014659ccf429842d8a1b83f23814a836:6497462929760307984313676120987872045088140359099951294244837359633802302525:1774533315", "side": "buy", "price": 0.4567375817111806, "size": 15.326085, "outcome": "up", "asset": "6497462929760307984313676120987872045088140359099951294244837359633802302525", "transaction_hash": "0x7792564cd09b0196fd101166688e25e2014659ccf429842d8a1b83f23814a836", "source": "polymarket"}
{"timestamp_utc": "2026-03-26T13:55:17Z", "market_key": "SOL5M_2026-03-26T14:00:00Z", "condition_id": "0x75004530723c0878405b73a6edffbefae759cfc5aa88bdfa45b2ab5ff66ce3af", "trade_id": "0xf865525210154e56192167ef766f4003851e4b819fbf667ceae5968a01d11b48:6497462929760307984313676120987872045088140359099951294244837359633802302525:1774533317", "side": "buy", "price": 0.47, "size": 5.0, "outcome": "up", "asset": "6497462929760307984313676120987872045088140359099951294244837359633802302525", "transaction_hash": "0xf865525210154e56192167ef766f4003851e4b819fbf667ceae5968a01d11b48", "source": "polymarket"}
{"timestamp_utc": "2026-03-26T13:55:19Z", "market_key": "SOL5M_2026-03-26T14:00:00Z", "condition_id": "0x75004530723c0878405b73a6edffbefae759cfc5aa88bdfa45b2ab5ff66ce3af", "trade_id": "0x79c0f6f61d6e6a69c62239ab7b30113a6c63e3787299e91ae7389913ed83a596:6497462929760307984313676120987872045088140359099951294244837359633802302525:1774533319", "side": "buy", "price": 0.46, "size": 5.0, "outcome": "up", "asset": "6497462929760307984313676120987872045088140359099951294244837359633802302525", "transaction_hash": "0x79c0f6f61d6e6a69c62239ab7b30113a6c63e3787299e91ae7389913ed83a596", "source": "polymarket"}
{"timestamp_utc": "2026-03-26T13:55:19Z", "market_key": "SOL5M_2026-03-26T14:00:00Z", "condition_id": "0x75004530723c0878405b73a6edffbefae759cfc5aa88bdfa45b2ab5ff66ce3af", "trade_id": "0x19d1ef728c537f8922085866bab36d85a3a412afec7b84ae0747b91a70d95722:98962333835932724172706893234441148354676146677314516822913323118510688631726:1774533319", "side": "buy", "price": 0.55, "size": 5.0, "outcome": "down", "asset": "98962333835932724172706893234441148354676146677314516822913323118510688631726", "transaction_hash": "0x19d1ef728c537f8922085866bab36d85a3a412afec7b84ae0747b91a70d95722", "source": "polymarket"}
{"timestamp_utc": "2026-03-26T13:55:21Z", "market_key": "SOL5M_2026-03-26T14:00:00Z", "condition_id": "0x75004530723c0878405b73a6edffbefae759cfc5aa88bdfa45b2ab5ff66ce3af", "trade_id": "0x505b751ea78157975a72644b88d5157dcdcf548b2febe9354ddff50846ea22f3:98962333835932724172706893234441148354676146677314516822913323118510688631726:1774533321", "side": "buy", "price": 0.55, "size": 5.0, "outcome": "down", "asset": "98962333835932724172706893234441148354676146677314516822913323118510688631726", "transaction_hash": "0x505b751ea78157975a72644b88d5157dcdcf548b2febe9354ddff50846ea22f3", "source": "polymarket"}
{"timestamp_utc": "2026-03-26T13:55:23Z", "market_key": "SOL5M_2026-03-26T14:00:00Z", "condition_id": "0x75004530723c0878405b73a6edffbefae759cfc5aa88bdfa45b2ab5ff66ce3af", "trade_id": "0xbb70962a70f09552530b6ca551951d711b2889c3336db41e57d64a8b15cfa24d:6497462929760307984313676120987872045088140359099951294244837359633802302525:1774533323", "side": "buy", "price": 0.4, "size": 3.85, "outcome": "up", "asset": "6497462929760307984313676120987872045088140359099951294244837359633802302525", "transaction_hash": "0xbb70962a70f09552530b6ca551951d711b2889c3336db41e57d64a8b15cfa24d", "source": "polymarket"}
{"timestamp_utc": "2026-03-26T13:55:23Z", "market_key": "SOL5M_2026-03-26T14:00:00Z", "condition_id": "0x75004530723c0878405b73a6edffbefae759cfc5aa88bdfa45b2ab5ff66ce3af", "trade_id": "0x51a92664702e8847654f2e9c1f213182e9d00772121ee7c8871b7475b38ad1b1:98962333835932724172706893234441148354676146677314516822913323118510688631726:1774533323", "side": "buy", "price": 0.5985981252699114, "size": 40.344261, "outcome": "down", "asset": "98962333835932724172706893234441148354676146677314516822913323118510688631726", "transaction_hash": "0x51a92664702e8847654f2e9c1f213182e9d00772121ee7c8871b7475b38ad1b1", "source": "polymarket"}
{"timestamp_utc": "2026-03-26T13:55:23Z", "market_key": "SOL5M_2026-03-26T14:00:00Z", "condition_id": "0x75004530723c0878405b73a6edffbefae759cfc5aa88bdfa45b2ab5ff66ce3af", "trade_id": "0xa62319c61d4e7d91fb9c5cfc9bc80e21f4f4da89b4beae9dee6f217b8a5efd45:6497462929760307984313676120987872045088140359099951294244837359633802302525:1774533323", "side": "buy", "price": 0.43, "size": 5.0, "outcome": "up", "asset": "6497462929760307984313676120987872045088140359099951294244837359633802302525", "transaction_hash": "0xa62319c61d4e7d91fb9c5cfc9bc80e21f4f4da89b4beae9dee6f217b8a5efd45", "source": "polymarket"}
{"timestamp_utc": "2026-03-26T13:55:23Z", "market_key": "SOL5M_2026-03-26T14:00:00Z", "condition_id": "0x75004530723c0878405b73a6edffbefae759cfc5aa88bdfa45b2ab5ff66ce3af", "trade_id": "0xb225ac1850b60eb2191bf52bb1a530a7b2ee1d14303bd83b8c413ff8f1972f49:6497462929760307984313676120987872045088140359099951294244837359633802302525:1774533323", "side": "sell", "price": 0.43, "size": 3.36, "outcome": "up", "asset": "6497462929760307984313676120987872045088140359099951294244837359633802302525", "transaction_hash": "0xb225ac1850b60eb2191bf52bb1a530a7b2ee1d14303bd83b8c413ff8f1972f49", "source": "polymarket"}
{"timestamp_utc": "2026-03-26T13:55:23Z", "market_key": "SOL5M_2026-03-26T14:00:00Z", "condition_id": "0x75004530723c0878405b73a6edffbefae759cfc5aa88bdfa45b2ab5ff66ce3af", "trade_id": "0x1ef6cf67b7ebad0594520996dbe2fe885e0311e25c055faf788615c3578098d8:6497462929760307984313676120987872045088140359099951294244837359633802302525:1774533323", "side": "buy", "price": 0.43, "size": 5.0, "outcome": "up", "asset": "6497462929760307984313676120987872045088140359099951294244837359633802302525", "transaction_hash": "0x1ef6cf67b7ebad0594520996dbe2fe885e0311e25c055faf788615c3578098d8", "source": "polymarket"}
{"timestamp_utc": "2026-03-26T13:55:23Z", "market_key": "SOL5M_2026-03-26T14:00:00Z", "condition_id": "0x75004530723c0878405b73a6edffbefae759cfc5aa88bdfa45b2ab5ff66ce3af", "trade_id": "0x6a050998c9a26da867d7a3266802d4bdb22ffde8de883ec7f209271e10c3a86e:98962333835932724172706893234441148354676146677314516822913323118510688631726:1774533323", "side": "buy", "price": 0.5699999059499214, "size": 3.508769, "outcome": "down", "asset": "98962333835932724172706893234441148354676146677314516822913323118510688631726", "transaction_hash": "0x6a050998c9a26da867d7a3266802d4bdb22ffde8de883ec7f209271e10c3a86e", "source": "polymarket"}
{"timestamp_utc": "2026-03-26T13:55:25Z", "market_key": "SOL5M_2026-03-26T14:00:00Z", "condition_id": "0x75004530723c0878405b73a6edffbefae759cfc5aa88bdfa45b2ab5ff66ce3af", "trade_id": "0x1875be81b6dfc92c6d9f76abb665ede2a42f6f05b674b9f39f9597366357e49d:6497462929760307984313676120987872045088140359099951294244837359633802302525:1774533325", "side": "buy", "price": 0.4, "size": 4.34, "outcome": "up", "asset": "6497462929760307984313676120987872045088140359099951294244837359633802302525", "transaction_hash": "0x1875be81b6dfc92c6d9f76abb665ede2a42f6f05b674b9f39f9597366357e49d", "source": "polymarket"}
{"timestamp_utc": "2026-03-26T13:55:25Z", "market_key": "SOL5M_2026-03-26T14:00:00Z", "condition_id": "0x75004530723c0878405b73a6edffbefae759cfc5aa88bdfa45b2ab5ff66ce3af", "trade_id": "0x00515f5e247290e905d51b49877ef3bc9207ff152d1750a54527ac01a89a9a29:98962333835932724172706893234441148354676146677314516822913323118510688631726:1774533325", "side": "buy", "price": 0.58, "size": 9.0, "outcome": "down", "asset": "98962333835932724172706893234441148354676146677314516822913323118510688631726", "transaction_hash": "0x00515f5e247290e905d51b49877ef3bc9207ff152d1750a54527ac01a89a9a29", "source": "polymarket"}
{"timestamp_utc": "2026-03-26T13:55:25Z", "market_key": "SOL5M_2026-03-26T14:00:00Z", "condition_id": "0x75004530723c0878405b73a6edffbefae759cfc5aa88bdfa45b2ab5ff66ce3af", "trade_id": "0xc3ceca7b135b2f975013f992f4664933331d354f0fc8590439bede1f2a631d2b:98962333835932724172706893234441148354676146677314516822913323118510688631726:1774533325", "side": "buy", "price": 0.58, "size": 9.0, "outcome": "down", "asset": "98962333835932724172706893234441148354676146677314516822913323118510688631726", "transaction_hash": "0xc3ceca7b135b2f975013f992f4664933331d354f0fc8590439bede1f2a631d2b", "source": "polymarket"}
{"timestamp_utc": "2026-03-26T13:55:25Z", "market_key": "SOL5M_2026-03-26T14:00:00Z", "condition_id": "0x75004530723c0878405b73a6edffbefae759cfc5aa88bdfa45b2ab5ff66ce3af", "trade_id": "0x397b0c7515c5e76f3ba02f8879142ba7ddc47f0100fe8cf6dedf8ccccd5a3e9d:98962333835932724172706893234441148354676146677314516822913323118510688631726:1774533325", "side": "buy", "price": 0.58, "size": 9.0, "outcome": "down", "asset": "98962333835932724172706893234441148354676146677314516822913323118510688631726", "transaction_hash": "0x397b0c7515c5e76f3ba02f8879142ba7ddc47f0100fe8cf6dedf8ccccd5a3e9d", "source": "polymarket"}
{"timestamp_utc": "2026-03-26T13:55:25Z", "market_key": "SOL5M_2026-03-26T14:00:00Z", "condition_id": "0x75004530723c0878405b73a6edffbefae759cfc5aa88bdfa45b2ab5ff66ce3af", "trade_id": "0xe57a929b11bbf5afe8bdca4c506d95db8fa2f6f7948041096a954ad963379c04:98962333835932724172706893234441148354676146677314516822913323118510688631726:1774533325", "side": "sell", "price": 0.57, "size": 1.0, "outcome": "down", "asset": "98962333835932724172706893234441148354676146677314516822913323118510688631726", "transaction_hash": "0xe57a929b11bbf5afe8bdca4c506d95db8fa2f6f7948041096a954ad963379c04", "source": "polymarket"}
{"timestamp_utc": "2026-03-26T13:55:25Z", "market_key": "SOL5M_2026-03-26T14:00:00Z", "condition_id": "0x75004530723c0878405b73a6edffbefae759cfc5aa88bdfa45b2ab5ff66ce3af", "trade_id": "0x7aacce040a8e7010ab506222357afee050cdd6b037bcb67bcbee4bd88f73f5c8:6497462929760307984313676120987872045088140359099951294244837359633802302525:1774533325", "side": "buy", "price": 0.42999997026167874, "size": 12.441859, "outcome": "up", "asset": "6497462929760307984313676120987872045088140359099951294244837359633802302525", "transaction_hash": "0x7aacce040a8e7010ab506222357afee050cdd6b037bcb67bcbee4bd88f73f5c8", "source": "polymarket"}
{"timestamp_utc": "2026-03-26T13:55:25Z", "market_key": "SOL5M_2026-03-26T14:00:00Z", "condition_id": "0x75004530723c0878405b73a6edffbefae759cfc5aa88bdfa45b2ab5ff66ce3af", "trade_id": "0x6d1352f7ec3bc9cb5750faea3b37a7e410f6d580fb05c7f32f0613a838af4c55:98962333835932724172706893234441148354676146677314516822913323118510688631726:1774533325", "side": "buy", "price": 0.579999888587529, "size": 3.051723, "outcome": "down", "asset": "98962333835932724172706893234441148354676146677314516822913323118510688631726", "transaction_hash": "0x6d1352f7ec3bc9cb5750faea3b37a7e410f6d580fb05c7f32f0613a838af4c55", "source": "polymarket"}
{"timestamp_utc": "2026-03-26T13:55:25Z", "market_key": "SOL5M_2026-03-26T14:00:00Z", "condition_id": "0x75004530723c0878405b73a6edffbefae759cfc5aa88bdfa45b2ab5ff66ce3af", "trade_id": "0x6e997c7a4613119a7c0b8f20020d9b4c983c68e1f57a3dd4a9600e996d03fb46:98962333835932724172706893234441148354676146677314516822913323118510688631726:1774533325", "side": "buy", "price": 0.5899999409999912, "size": 6.77966, "outcome": "down", "asset": "98962333835932724172706893234441148354676146677314516822913323118510688631726", "transaction_hash": "0x6e997c7a4613119a7c0b8f20020d9b4c983c68e1f57a3dd4a9600e996d03fb46", "source": "polymarket"}
{"timestamp_utc": "2026-03-26T13:55:27Z", "market_key": "SOL5M_2026-03-26T14:00:00Z", "condition_id": "0x75004530723c0878405b73a6edffbefae759cfc5aa88bdfa45b2ab5ff66ce3af", "trade_id": "0xf2fd4c64f16555a460935274735ad1fd3ca8e3522c31181bf43a428ee3aff566:98962333835932724172706893234441148354676146677314516822913323118510688631726:1774533327", "side": "buy", "price": 0.5858333333333333, "size": 12.0, "outcome": "down", "asset": "98962333835932724172706893234441148354676146677314516822913323118510688631726", "transaction_hash": "0xf2fd4c64f16555a460935274735ad1fd3ca8e3522c31181bf43a428ee3aff566", "source": "polymarket"}
{"timestamp_utc": "2026-03-26T13:55:27Z", "market_key": "SOL5M_2026-03-26T14:00:00Z", "condition_id": "0x75004530723c0878405b73a6edffbefae759cfc5aa88bdfa45b2ab5ff66ce3af", "trade_id": "0x8e2241b0cc02d3139a61bf787b244712737e9835b98835e38b8dff893830cd86:98962333835932724172706893234441148354676146677314516822913323118510688631726:1774533327", "side": "buy", "price": 0.6, "size": 1.666665, "outcome": "down", "asset": "98962333835932724172706893234441148354676146677314516822913323118510688631726", "transaction_hash": "0x8e2241b0cc02d3139a61bf787b244712737e9835b98835e38b8dff893830cd86", "source": "polymarket"}
{"timestamp_utc": "2026-03-26T13:55:27Z", "market_key": "SOL5M_2026-03-26T14:00:00Z", "condition_id": "0x75004530723c0878405b73a6edffbefae759cfc5aa88bdfa45b2ab5ff66ce3af", "trade_id": "0xbebc77d9f70418f20e3f518cd63a3df8c40f569e3ac1d5c029f8d1a84fd58493:98962333835932724172706893234441148354676146677314516822913323118510688631726:1774533327", "side": "buy", "price": 0.59, "size": 5.0, "outcome": "down", "asset": "98962333835932724172706893234441148354676146677314516822913323118510688631726", "transaction_hash": "0xbebc77d9f70418f20e3f518cd63a3df8c40f569e3ac1d5c029f8d1a84fd58493", "source": "polymarket"}
{"timestamp_utc": "2026-03-26T13:55:31Z", "market_key": "SOL5M_2026-03-26T14:00:00Z", "condition_id": "0x75004530723c0878405b73a6edffbefae759cfc5aa88bdfa45b2ab5ff66ce3af", "trade_id": "0x50fb4f8005df00775619241aa68e808585061afe335cc0d2758ef71e1005cc30:98962333835932724172706893234441148354676146677314516822913323118510688631726:1774533331", "side": "buy", "price": 0.5891774891774891, "size": 4.62, "outcome": "down", "asset": "98962333835932724172706893234441148354676146677314516822913323118510688631726", "transaction_hash": "0x50fb4f8005df00775619241aa68e808585061afe335cc0d2758ef71e1005cc30", "source": "polymarket"}
{"timestamp_utc": "2026-03-26T13:55:31Z", "market_key": "SOL5M_2026-03-26T14:00:00Z", "condition_id": "0x75004530723c0878405b73a6edffbefae759cfc5aa88bdfa45b2ab5ff66ce3af", "trade_id": "0xad3dea420c4661112376d474be5697604a70cc327842c3bc376e04fc6387afe6:6497462929760307984313676120987872045088140359099951294244837359633802302525:1774533331", "side": "buy", "price": 0.42, "size": 5.0, "outcome": "up", "asset": "6497462929760307984313676120987872045088140359099951294244837359633802302525", "transaction_hash": "0xad3dea420c4661112376d474be5697604a70cc327842c3bc376e04fc6387afe6", "source": "polymarket"}
{"timestamp_utc": "2026-03-26T13:55:31Z", "market_key": "SOL5M_2026-03-26T14:00:00Z", "condition_id": "0x75004530723c0878405b73a6edffbefae759cfc5aa88bdfa45b2ab5ff66ce3af", "trade_id": "0x2167a2a4eff5ee7fa344440c7a6e539849a50421e3f6b382f25ab10326d12d8f:6497462929760307984313676120987872045088140359099951294244837359633802302525:1774533331", "side": "sell", "price": 0.4, "size": 4.44, "outcome": "up", "asset": "6497462929760307984313676120987872045088140359099951294244837359633802302525", "transaction_hash": "0x2167a2a4eff5ee7fa344440c7a6e539849a50421e3f6b382f25ab10326d12d8f", "source": "polymarket"}
{"timestamp_utc": "2026-03-26T13:55:31Z", "market_key": "SOL5M_2026-03-26T14:00:00Z", "condition_id": "0x75004530723c0878405b73a6edffbefae759cfc5aa88bdfa45b2ab5ff66ce3af", "trade_id": "0x4899b362c26b3e709091a19351eb9c26301884b9c9e52ffcf90fd723a7adac7d:98962333835932724172706893234441148354676146677314516822913323118510688631726:1774533331", "side": "buy", "price": 0.6, "size": 14.316665, "outcome": "down", "asset": "98962333835932724172706893234441148354676146677314516822913323118510688631726", "transaction_hash": "0x4899b362c26b3e709091a19351eb9c26301884b9c9e52ffcf90fd723a7adac7d", "source": "polymarket"}
{"timestamp_utc": "2026-03-26T13:55:31Z", "market_key": "SOL5M_2026-03-26T14:00:00Z", "condition_id": "0x75004530723c0878405b73a6edffbefae759cfc5aa88bdfa45b2ab5ff66ce3af", "trade_id": "0x0fa345e82a6b3f31e9e471580eb27e784e96cd1f52fef70a2a18c6f3d6108d2d:98962333835932724172706893234441148354676146677314516822913323118510688631726:1774533331", "side": "buy", "price": 0.58, "size": 4.62, "outcome": "down", "asset": "98962333835932724172706893234441148354676146677314516822913323118510688631726", "transaction_hash": "0x0fa345e82a6b3f31e9e471580eb27e784e96cd1f52fef70a2a18c6f3d6108d2d", "source": "polymarket"}
{"timestamp_utc": "2026-03-26T13:55:31Z", "market_key": "SOL5M_2026-03-26T14:00:00Z", "condition_id": "0x75004530723c0878405b73a6edffbefae759cfc5aa88bdfa45b2ab5ff66ce3af", "trade_id": "0x94f6d44eecfe41007a8948c171f6ea25ee02907da72fb15dba0c966499a4d8c5:6497462929760307984313676120987872045088140359099951294244837359633802302525:1774533331", "side": "buy", "price": 0.4299999857851215, "size": 11.255812, "outcome": "up", "asset": "6497462929760307984313676120987872045088140359099951294244837359633802302525", "transaction_hash": "0x94f6d44eecfe41007a8948c171f6ea25ee02907da72fb15dba0c966499a4d8c5", "source": "polymarket"}
{"timestamp_utc": "2026-03-26T13:55:31Z", "market_key": "SOL5M_2026-03-26T14:00:00Z", "condition_id": "0x75004530723c0878405b73a6edffbefae759cfc5aa88bdfa45b2ab5ff66ce3af", "trade_id": "0xc84939f92ca85be24786546b9255f6f8810aca822530761ead903fe0578bb610:98962333835932724172706893234441148354676146677314516822913323118510688631726:1774533331", "side": "buy", "price": 0.5799998259997042, "size": 1.724135, "outcome": "down", "asset": "98962333835932724172706893234441148354676146677314516822913323118510688631726", "transaction_hash": "0xc84939f92ca85be24786546b9255f6f8810aca822530761ead903fe0578bb610", "source": "polymarket"}
{"timestamp_utc": "2026-03-26T13:55:33Z", "market_key": "SOL5M_2026-03-26T14:00:00Z", "condition_id": "0x75004530723c0878405b73a6edffbefae759cfc5aa88bdfa45b2ab5ff66ce3af", "trade_id": "0xfee2a911cfe088fcb2bfd1bb90ecb09f389177a8d49230a17422b548516af28e:98962333835932724172706893234441148354676146677314516822913323118510688631726:1774533333", "side": "buy", "price": 0.612212876114576, "size": 21.38145, "outcome": "down", "asset": "98962333835932724172706893234441148354676146677314516822913323118510688631726", "transaction_hash": "0xfee2a911cfe088fcb2bfd1bb90ecb09f389177a8d49230a17422b548516af28e", "source": "polymarket"}
{"timestamp_utc": "2026-03-26T13:55:35Z", "market_key": "SOL5M_2026-03-26T14:00:00Z", "condition_id": "0x75004530723c0878405b73a6edffbefae759cfc5aa88bdfa45b2ab5ff66ce3af", "trade_id": "0xc03a311d9aa541883a8f96faf525654b59a4ce350edf2ba9cd04f589708115fe:98962333835932724172706893234441148354676146677314516822913323118510688631726:1774533335", "side": "buy", "price": 0.648550125460158, "size": 20.553537, "outcome": "down", "asset": "98962333835932724172706893234441148354676146677314516822913323118510688631726", "transaction_hash": "0xc03a311d9aa541883a8f96faf525654b59a4ce350edf2ba9cd04f589708115fe", "source": "polymarket"}
{"timestamp_utc": "2026-03-26T13:55:35Z", "market_key": "SOL5M_2026-03-26T14:00:00Z", "condition_id": "0x75004530723c0878405b73a6edffbefae759cfc5aa88bdfa45b2ab5ff66ce3af", "trade_id": "0xc49072e1ebda569b66c0f56aace7c37fb13c2f7209f4c84a00c9ab2150349eb5:6497462929760307984313676120987872045088140359099951294244837359633802302525:1774533335", "side": "sell", "price": 0.37, "size": 3.51, "outcome": "up", "asset": "6497462929760307984313676120987872045088140359099951294244837359633802302525", "transaction_hash": "0xc49072e1ebda569b66c0f56aace7c37fb13c2f7209f4c84a00c9ab2150349eb5", "source": "polymarket"}
{"timestamp_utc": "2026-03-26T13:55:35Z", "market_key": "SOL5M_2026-03-26T14:00:00Z", "condition_id": "0x75004530723c0878405b73a6edffbefae759cfc5aa88bdfa45b2ab5ff66ce3af", "trade_id": "0xc764e532cf1914e70195c9a3c8d273664e68e9a7d2ee38748524298e8726c01d:6497462929760307984313676120987872045088140359099951294244837359633802302525:1774533335", "side": "buy", "price": 0.389999890799976, "size": 5.128204, "outcome": "up", "asset": "6497462929760307984313676120987872045088140359099951294244837359633802302525", "transaction_hash": "0xc764e532cf1914e70195c9a3c8d273664e68e9a7d2ee38748524298e8726c01d", "source": "polymarket"}
{"timestamp_utc": "2026-03-26T13:55:35Z", "market_key": "SOL5M_2026-03-26T14:00:00Z", "condition_id": "0x75004530723c0878405b73a6edffbefae759cfc5aa88bdfa45b2ab5ff66ce3af", "trade_id": "0x5a781542cf611a733bb7f3b6a3af6688c56da08ef14781ef8827cdbdd8feef2d:6497462929760307984313676120987872045088140359099951294244837359633802302525:1774533335", "side": "buy", "price": 0.39172821270310193, "size": 16.925, "outcome": "up", "asset": "6497462929760307984313676120987872045088140359099951294244837359633802302525", "transaction_hash": "0x5a781542cf611a733bb7f3b6a3af6688c56da08ef14781ef8827cdbdd8feef2d", "source": "polymarket"}
{"timestamp_utc": "2026-03-26T13:55:37Z", "market_key": "SOL5M_2026-03-26T14:00:00Z", "condition_id": "0x75004530723c0878405b73a6edffbefae759cfc5aa88bdfa45b2ab5ff66ce3af", "trade_id": "0x05e6fddd80872efa4b75aea231afe30403124615f4fd74b791de614cccf789d5:98962333835932724172706893234441148354676146677314516822913323118510688631726:1774533337", "side": "buy", "price": 0.65, "size": 35.38, "outcome": "down", "asset": "98962333835932724172706893234441148354676146677314516822913323118510688631726", "transaction_hash": "0x05e6fddd80872efa4b75aea231afe30403124615f4fd74b791de614cccf789d5", "source": "polymarket"}
{"timestamp_utc": "2026-03-26T13:55:37Z", "market_key": "SOL5M_2026-03-26T14:00:00Z", "condition_id": "0x75004530723c0878405b73a6edffbefae759cfc5aa88bdfa45b2ab5ff66ce3af", "trade_id": "0x259a8564eba6e1250b93b0d059afb03be4fa41cb60ad009d5bed12f250d6aa37:6497462929760307984313676120987872045088140359099951294244837359633802302525:1774533337", "side": "buy", "price": 0.3824123918660245, "size": 6.589742, "outcome": "up", "asset": "6497462929760307984313676120987872045088140359099951294244837359633802302525", "transaction_hash": "0x259a8564eba6e1250b93b0d059afb03be4fa41cb60ad009d5bed12f250d6aa37", "source": "polymarket"}
{"timestamp_utc": "2026-03-26T13:55:37Z", "market_key": "SOL5M_2026-03-26T14:00:00Z", "condition_id": "0x75004530723c0878405b73a6edffbefae759cfc5aa88bdfa45b2ab5ff66ce3af", "trade_id": "0xe01b40e98223e5fd8623213b73ba6fa17d1b3daf0b071c5b1cb619a913eb8b66:6497462929760307984313676120987872045088140359099951294244837359633802302525:1774533337", "side": "buy", "price": 0.36, "size": 15.0, "outcome": "up", "asset": "6497462929760307984313676120987872045088140359099951294244837359633802302525", "transaction_hash": "0xe01b40e98223e5fd8623213b73ba6fa17d1b3daf0b071c5b1cb619a913eb8b66", "source": "polymarket"}
{"timestamp_utc": "2026-03-26T13:55:37Z", "market_key": "SOL5M_2026-03-26T14:00:00Z", "condition_id": "0x75004530723c0878405b73a6edffbefae759cfc5aa88bdfa45b2ab5ff66ce3af", "trade_id": "0x5b6a321d2d9b5b7e25f1b830a9d69ecdd0c87f52f5abffd4c142f51f59a376ec:6497462929760307984313676120987872045088140359099951294244837359633802302525:1774533337", "side": "buy", "price": 0.39, "size": 8.41, "outcome": "up", "asset": "6497462929760307984313676120987872045088140359099951294244837359633802302525", "transaction_hash": "0x5b6a321d2d9b5b7e25f1b830a9d69ecdd0c87f52f5abffd4c142f51f59a376ec", "source": "polymarket"}
{"timestamp_utc": "2026-03-26T13:55:37Z", "market_key": "SOL5M_2026-03-26T14:00:00Z", "condition_id": "0x75004530723c0878405b73a6edffbefae759cfc5aa88bdfa45b2ab5ff66ce3af", "trade_id": "0x8ed4cb49cd7bdddbe32f0fb4f0fc20c388fe9e290ac181a43c27c1aa7dd4fff2:6497462929760307984313676120987872045088140359099951294244837359633802302525:1774533337", "side": "buy", "price": 0.3628, "size": 15.0, "outcome": "up", "asset": "6497462929760307984313676120987872045088140359099951294244837359633802302525", "transaction_hash": "0x8ed4cb49cd7bdddbe32f0fb4f0fc20c388fe9e290ac181a43c27c1aa7dd4fff2", "source": "polymarket"}
{"timestamp_utc": "2026-03-26T13:55:37Z", "market_key": "SOL5M_2026-03-26T14:00:00Z", "condition_id": "0x75004530723c0878405b73a6edffbefae759cfc5aa88bdfa45b2ab5ff66ce3af", "trade_id": "0x7867f8f716aa08a4dfc7b19635e860f873825c9a86cf345ae3789fa208d23ca1:98962333835932724172706893234441148354676146677314516822913323118510688631726:1774533337", "side": "buy", "price": 0.66, "size": 22.01515, "outcome": "down", "asset": "98962333835932724172706893234441148354676146677314516822913323118510688631726", "transaction_hash": "0x7867f8f716aa08a4dfc7b19635e860f873825c9a86cf345ae3789fa208d23ca1", "source": "polymarket"}
{"timestamp_utc": "2026-03-26T13:55:37Z", "market_key": "SOL5M_2026-03-26T14:00:00Z", "condition_id": "0x75004530723c0878405b73a6edffbefae759cfc5aa88bdfa45b2ab5ff66ce3af", "trade_id": "0x0ea2573a0fa261d6d3e2772ad018bfd2075faee8a0c0e58bf2fc66b8f6eaf50b:98962333835932724172706893234441148354676146677314516822913323118510688631726:1774533337", "side": "sell", "price": 0.64, "size": 3.51, "outcome": "down", "asset": "98962333835932724172706893234441148354676146677314516822913323118510688631726", "transaction_hash": "0x0ea2573a0fa261d6d3e2772ad018bfd2075faee8a0c0e58bf2fc66b8f6eaf50b", "source": "polymarket"}
{"timestamp_utc": "2026-03-26T13:55:37Z", "market_key": "SOL5M_2026-03-26T14:00:00Z", "condition_id": "0x75004530723c0878405b73a6edffbefae759cfc5aa88bdfa45b2ab5ff66ce3af", "trade_id": "0xa8e04c4b87dd6031625dd4d534f00bd0814468320b8eaf469a3eb8ae77c3e52b:6497462929760307984313676120987872045088140359099951294244837359633802302525:1774533337", "side": "buy", "price": 0.36, "size": 15.0, "outcome": "up", "asset": "6497462929760307984313676120987872045088140359099951294244837359633802302525", "transaction_hash": "0xa8e04c4b87dd6031625dd4d534f00bd0814468320b8eaf469a3eb8ae77c3e52b", "source": "polymarket"}
{"timestamp_utc": "2026-03-26T13:55:37Z", "market_key": "SOL5M_2026-03-26T14:00:00Z", "condition_id": "0x75004530723c0878405b73a6edffbefae759cfc5aa88bdfa45b2ab5ff66ce3af", "trade_id": "0x792403cddae2075fd7e894554a3f9db11fdd4dec576b71f94a91dd20485a1552:6497462929760307984313676120987872045088140359099951294244837359633802302525:1774533337", "side": "buy", "price": 0.36, "size": 18.0, "outcome": "up", "asset": "6497462929760307984313676120987872045088140359099951294244837359633802302525", "transaction_hash": "0x792403cddae2075fd7e894554a3f9db11fdd4dec576b71f94a91dd20485a1552", "source": "polymarket"}
{"timestamp_utc": "2026-03-26T13:55:37Z", "market_key": "SOL5M_2026-03-26T14:00:00Z", "condition_id": "0x75004530723c0878405b73a6edffbefae759cfc5aa88bdfa45b2ab5ff66ce3af", "trade_id": "0x5a521eac6c71c0e1d1769f939bc87c04323357f3ea92ca98c7563902b6e951b4:98962333835932724172706893234441148354676146677314516822913323118510688631726:1774533337", "side": "buy", "price": 0.6599999408954924, "size": 5.075755, "outcome": "down", "asset": "98962333835932724172706893234441148354676146677314516822913323118510688631726", "transaction_hash": "0x5a521eac6c71c0e1d1769f939bc87c04323357f3ea92ca98c7563902b6e951b4", "source": "polymarket"}
{"timestamp_utc": "2026-03-26T13:55:37Z", "market_key": "SOL5M_2026-03-26T14:00:00Z", "condition_id": "0x75004530723c0878405b73a6edffbefae759cfc5aa88bdfa45b2ab5ff66ce3af", "trade_id": "0xb8793372d3ed7c2ea9758c9f130a8753a8c0e8b985342bda04cfd60e726dff56:6497462929760307984313676120987872045088140359099951294244837359633802302525:1774533337", "side": "buy", "price": 0.35, "size": 5.0, "outcome": "up", "asset": "6497462929760307984313676120987872045088140359099951294244837359633802302525", "transaction_hash": "0xb8793372d3ed7c2ea9758c9f130a8753a8c0e8b985342bda04cfd60e726dff56", "source": "polymarket"}
{"timestamp_utc": "2026-03-26T13:55:37Z", "market_key": "SOL5M_2026-03-26T14:00:00Z", "condition_id": "0x75004530723c0878405b73a6edffbefae759cfc5aa88bdfa45b2ab5ff66ce3af", "trade_id": "0x77b4e984e25af760f2b52bc3eabf0a308bd14a123a04c46f0fb0b4d568e202a9:98962333835932724172706893234441148354676146677314516822913323118510688631726:1774533337", "side": "buy", "price": 0.66, "size": 36.06, "outcome": "down", "asset": "98962333835932724172706893234441148354676146677314516822913323118510688631726", "transaction_hash": "0x77b4e984e25af760f2b52bc3eabf0a308bd14a123a04c46f0fb0b4d568e202a9", "source": "polymarket"}
{"timestamp_utc": "2026-03-26T13:55:37Z", "market_key": "SOL5M_2026-03-26T14:00:00Z", "condition_id": "0x75004530723c0878405b73a6edffbefae759cfc5aa88bdfa45b2ab5ff66ce3af", "trade_id": "0x58e446239eb4c50763ff8b77c980280d91272bdd4d99b8b51b3fe0dc8e3bccdc:98962333835932724172706893234441148354676146677314516822913323118510688631726:1774533337", "side": "buy", "price": 0.6599999961358309, "size": 25.878785, "outcome": "down", "asset": "98962333835932724172706893234441148354676146677314516822913323118510688631726", "transaction_hash": "0x58e446239eb4c50763ff8b77c980280d91272bdd4d99b8b51b3fe0dc8e3bccdc", "source": "polymarket"}
{"timestamp_utc": "2026-03-26T13:55:37Z", "market_key": "SOL5M_2026-03-26T14:00:00Z", "condition_id": "0x75004530723c0878405b73a6edffbefae759cfc5aa88bdfa45b2ab5ff66ce3af", "trade_id": "0xc38f52efa2a32ee36aa94d7116194d83135404f7bf12dfbadc771f92b2fb0257:98962333835932724172706893234441148354676146677314516822913323118510688631726:1774533337", "side": "buy", "price": 0.66, "size": 6.01, "outcome": "down", "asset": "98962333835932724172706893234441148354676146677314516822913323118510688631726", "transaction_hash": "0xc38f52efa2a32ee36aa94d7116194d83135404f7bf12dfbadc771f92b2fb0257", "source": "polymarket"}
{"timestamp_utc": "2026-03-26T13:55:37Z", "market_key": "SOL5M_2026-03-26T14:00:00Z", "condition_id": "0x75004530723c0878405b73a6edffbefae759cfc5aa88bdfa45b2ab5ff66ce3af", "trade_id": "0xea500083337aa4f30b9e7ca667558b9618fd0a72f44ff3cc0b47e3a541d4e7f1:98962333835932724172706893234441148354676146677314516822913323118510688631726:1774533337", "side": "buy", "price": 0.65, "size": 7.69, "outcome": "down", "asset": "98962333835932724172706893234441148354676146677314516822913323118510688631726", "transaction_hash": "0xea500083337aa4f30b9e7ca667558b9618fd0a72f44ff3cc0b47e3a541d4e7f1", "source": "polymarket"}
{"timestamp_utc": "2026-03-26T13:55:37Z", "market_key": "SOL5M_2026-03-26T14:00:00Z", "condition_id": "0x75004530723c0878405b73a6edffbefae759cfc5aa88bdfa45b2ab5ff66ce3af", "trade_id": "0x76e0fe80088116d40926634e10ab24a11fd6d263b7b1f63b3f8278d5706f39eb:98962333835932724172706893234441148354676146677314516822913323118510688631726:1774533337", "side": "buy", "price": 0.6499999349999631, "size": 2.307691, "outcome": "down", "asset": "98962333835932724172706893234441148354676146677314516822913323118510688631726", "transaction_hash": "0x76e0fe80088116d40926634e10ab24a11fd6d263b7b1f63b3f8278d5706f39eb", "source": "polymarket"}
{"timestamp_utc": "2026-03-26T13:55:37Z", "market_key": "SOL5M_2026-03-26T14:00:00Z", "condition_id": "0x75004530723c0878405b73a6edffbefae759cfc5aa88bdfa45b2ab5ff66ce3af", "trade_id": "0x364e071a040ad25848ae0894f282a6670ac81f0263d620f68d231b14ca4741da:98962333835932724172706893234441148354676146677314516822913323118510688631726:1774533337", "side": "buy", "price": 0.6499999969626166, "size": 16.461537, "outcome": "down", "asset": "98962333835932724172706893234441148354676146677314516822913323118510688631726", "transaction_hash": "0x364e071a040ad25848ae0894f282a6670ac81f0263d620f68d231b14ca4741da", "source": "polymarket"}
{"timestamp_utc": "2026-03-26T13:55:39Z", "market_key": "SOL5M_2026-03-26T14:00:00Z", "condition_id": "0x75004530723c0878405b73a6edffbefae759cfc5aa88bdfa45b2ab5ff66ce3af", "trade_id": "0x49671f244cbdb113bf3bf6ee384e37c2f2cb0bdfcf39cf5ac34dfee89d6e2eed:6497462929760307984313676120987872045088140359099951294244837359633802302525:1774533339", "side": "sell", "price": 0.39, "size": 7.0, "outcome": "up", "asset": "6497462929760307984313676120987872045088140359099951294244837359633802302525", "transaction_hash": "0x49671f244cbdb113bf3bf6ee384e37c2f2cb0bdfcf39cf5ac34dfee89d6e2eed", "source": "polymarket"}
{"timestamp_utc": "2026-03-26T13:55:39Z", "market_key": "SOL5M_2026-03-26T14:00:00Z", "condition_id": "0x75004530723c0878405b73a6edffbefae759cfc5aa88bdfa45b2ab5ff66ce3af", "trade_id": "0x2a36a4a2e7c9250f5f2a71d8fd4606729a86cac6b688dfdae072d2494251bd3b:98962333835932724172706893234441148354676146677314516822913323118510688631726:1774533339", "side": "buy", "price": 0.5999999764243578, "size": 8.483332, "outcome": "down", "asset": "98962333835932724172706893234441148354676146677314516822913323118510688631726", "transaction_hash": "0x2a36a4a2e7c9250f5f2a71d8fd4606729a86cac6b688dfdae072d2494251bd3b", "source": "polymarket"}
{"timestamp_utc": "2026-03-26T13:55:39Z", "market_key": "SOL5M_2026-03-26T14:00:00Z", "condition_id": "0x75004530723c0878405b73a6edffbefae759cfc5aa88bdfa45b2ab5ff66ce3af", "trade_id": "0xdace5a9b407d02837cf547eccc59f07ccf1c3ebdd3d3a49766d21eb4760a9eba:6497462929760307984313676120987872045088140359099951294244837359633802302525:1774533339", "side": "sell", "price": 0.39, "size": 1.0, "outcome": "up", "asset": "6497462929760307984313676120987872045088140359099951294244837359633802302525", "transaction_hash": "0xdace5a9b407d02837cf547eccc59f07ccf1c3ebdd3d3a49766d21eb4760a9eba", "source": "polymarket"}
{"timestamp_utc": "2026-03-26T13:55:39Z", "market_key": "SOL5M_2026-03-26T14:00:00Z", "condition_id": "0x75004530723c0878405b73a6edffbefae759cfc5aa88bdfa45b2ab5ff66ce3af", "trade_id": "0x76a05dc5b375f5e98c59b3177d2478fa482bdcbdf7d312d88b5fdd6255266775:6497462929760307984313676120987872045088140359099951294244837359633802302525:1774533339", "side": "buy", "price": 0.4, "size": 25.92, "outcome": "up", "asset": "6497462929760307984313676120987872045088140359099951294244837359633802302525", "transaction_hash": "0x76a05dc5b375f5e98c59b3177d2478fa482bdcbdf7d312d88b5fdd6255266775", "source": "polymarket"}
{"timestamp_utc": "2026-03-26T13:55:39Z", "market_key": "SOL5M_2026-03-26T14:00:00Z", "condition_id": "0x75004530723c0878405b73a6edffbefae759cfc5aa88bdfa45b2ab5ff66ce3af", "trade_id": "0x7c05ab9881a2cf5568765ad6ab17e897d738b7c544e0d2e4fd4a1de368cf2616:6497462929760307984313676120987872045088140359099951294244837359633802302525:1774533339", "side": "buy", "price": 0.4, "size": 11.075, "outcome": "up", "asset": "6497462929760307984313676120987872045088140359099951294244837359633802302525", "transaction_hash": "0x7c05ab9881a2cf5568765ad6ab17e897d738b7c544e0d2e4fd4a1de368cf2616", "source": "polymarket"}
{"timestamp_utc": "2026-03-26T13:55:39Z", "market_key": "SOL5M_2026-03-26T14:00:00Z", "condition_id": "0x75004530723c0878405b73a6edffbefae759cfc5aa88bdfa45b2ab5ff66ce3af", "trade_id": "0xf8de4c05934d6df3d1f8346b1d7220edda3592004522819cd75d3ebce97fbdc8:6497462929760307984313676120987872045088140359099951294244837359633802302525:1774533339", "side": "buy", "price": 0.37, "size": 9.8, "outcome": "up", "asset": "6497462929760307984313676120987872045088140359099951294244837359633802302525", "transaction_hash": "0xf8de4c05934d6df3d1f8346b1d7220edda3592004522819cd75d3ebce97fbdc8", "source": "polymarket"}
{"timestamp_utc": "2026-03-26T13:55:41Z", "market_key": "SOL5M_2026-03-26T14:00:00Z", "condition_id": "0x75004530723c0878405b73a6edffbefae759cfc5aa88bdfa45b2ab5ff66ce3af", "trade_id": "0xd1797e268f9d68ab67eeee0f235029a23ca1507b05ceb8413a283b0fb17a697e:6497462929760307984313676120987872045088140359099951294244837359633802302525:1774533341", "side": "sell", "price": 0.36, "size": 4.88, "outcome": "up", "asset": "6497462929760307984313676120987872045088140359099951294244837359633802302525", "transaction_hash": "0xd1797e268f9d68ab67eeee0f235029a23ca1507b05ceb8413a283b0fb17a697e", "source": "polymarket"}
{"timestamp_utc": "2026-03-26T13:55:41Z", "market_key": "SOL5M_2026-03-26T14:00:00Z", "condition_id": "0x75004530723c0878405b73a6edffbefae759cfc5aa88bdfa45b2ab5ff66ce3af", "trade_id": "0x89aa83cb6130956b1dfe1d1aac0b58c87ff3082bde267a9eb789c244b39fb050:98962333835932724172706893234441148354676146677314516822913323118510688631726:1774533341", "side": "buy", "price": 0.64, "size": 6.25, "outcome": "down", "asset": "98962333835932724172706893234441148354676146677314516822913323118510688631726", "transaction_hash": "0x89aa83cb6130956b1dfe1d1aac0b58c87ff3082bde267a9eb789c244b39fb050", "source": "polymarket"}
{"timestamp_utc": "2026-03-26T13:55:41Z", "market_key": "SOL5M_2026-03-26T14:00:00Z", "condition_id": "0x75004530723c0878405b73a6edffbefae759cfc5aa88bdfa45b2ab5ff66ce3af", "trade_id": "0x5fec7c2bff166b51729bfe86f8453d9ceef072eedf8e535e28dc8eaaec6d8d15:98962333835932724172706893234441148354676146677314516822913323118510688631726:1774533341", "side": "buy", "price": 0.63, "size": 21.14, "outcome": "down", "asset": "98962333835932724172706893234441148354676146677314516822913323118510688631726", "transaction_hash": "0x5fec7c2bff166b51729bfe86f8453d9ceef072eedf8e535e28dc8eaaec6d8d15", "source": "polymarket"}
{"timestamp_utc": "2026-03-26T13:55:41Z", "market_key": "SOL5M_2026-03-26T14:00:00Z", "condition_id": "0x75004530723c0878405b73a6edffbefae759cfc5aa88bdfa45b2ab5ff66ce3af", "trade_id": "0x49090b4b1ce0066d90eb29c191c308013a0bf0692afe716fde6ff40f52358021:6497462929760307984313676120987872045088140359099951294244837359633802302525:1774533341", "side": "sell", "price": 0.37, "size": 3.86, "outcome": "up", "asset": "6497462929760307984313676120987872045088140359099951294244837359633802302525", "transaction_hash": "0x49090b4b1ce0066d90eb29c191c308013a0bf0692afe716fde6ff40f52358021", "source": "polymarket"}
{"timestamp_utc": "2026-03-26T13:55:43Z", "market_key": "SOL5M_2026-03-26T14:00:00Z", "condition_id": "0x75004530723c0878405b73a6edffbefae759cfc5aa88bdfa45b2ab5ff66ce3af", "trade_id": "0xc305c360b5879063f401a82513fdc56d8532d01751e127a52c6a672234813224:98962333835932724172706893234441148354676146677314516822913323118510688631726:1774533343", "side": "buy", "price": 0.71, "size": 6.18, "outcome": "down", "asset": "98962333835932724172706893234441148354676146677314516822913323118510688631726", "transaction_hash": "0xc305c360b5879063f401a82513fdc56d8532d01751e127a52c6a672234813224", "source": "polymarket"}
{"timestamp_utc": "2026-03-26T13:55:43Z", "market_key": "SOL5M_2026-03-26T14:00:00Z", "condition_id": "0x75004530723c0878405b73a6edffbefae759cfc5aa88bdfa45b2ab5ff66ce3af", "trade_id": "0xa82cbcfa1b90b6aee91486e314fe051d74bebe1bdc4753782975cdc980bc7800:98962333835932724172706893234441148354676146677314516822913323118510688631726:1774533343", "side": "buy", "price": 0.719444147514698, "size": 37.42, "outcome": "down", "asset": "98962333835932724172706893234441148354676146677314516822913323118510688631726", "transaction_hash": "0xa82cbcfa1b90b6aee91486e314fe051d74bebe1bdc4753782975cdc980bc7800", "source": "polymarket"}
{"timestamp_utc": "2026-03-26T13:55:43Z", "market_key": "SOL5M_2026-03-26T14:00:00Z", "condition_id": "0x75004530723c0878405b73a6edffbefae759cfc5aa88bdfa45b2ab5ff66ce3af", "trade_id": "0xd55674a9bb746a60b1afa3b3023692ec62040d2ded2c4bbe6971664829b91e72:98962333835932724172706893234441148354676146677314516822913323118510688631726:1774533343", "side": "buy", "price": 0.72, "size": 6.35, "outcome": "down", "asset": "98962333835932724172706893234441148354676146677314516822913323118510688631726", "transaction_hash": "0xd55674a9bb746a60b1afa3b3023692ec62040d2ded2c4bbe6971664829b91e72", "source": "polymarket"}
{"timestamp_utc": "2026-03-26T13:55:43Z", "market_key": "SOL5M_2026-03-26T14:00:00Z", "condition_id": "0x75004530723c0878405b73a6edffbefae759cfc5aa88bdfa45b2ab5ff66ce3af", "trade_id": "0x7bf5b42792b76c73256eda641a4dc6494f7b9fb7a3d6b66a4754face700c033a:98962333835932724172706893234441148354676146677314516822913323118510688631726:1774533343", "side": "sell", "price": 0.7, "size": 3.45, "outcome": "down", "asset": "98962333835932724172706893234441148354676146677314516822913323118510688631726", "transaction_hash": "0x7bf5b42792b76c73256eda641a4dc6494f7b9fb7a3d6b66a4754face700c033a", "source": "polymarket"}
{"timestamp_utc": "2026-03-26T13:55:43Z", "market_key": "SOL5M_2026-03-26T14:00:00Z", "condition_id": "0x75004530723c0878405b73a6edffbefae759cfc5aa88bdfa45b2ab5ff66ce3af", "trade_id": "0xeb3228e2b69553d11256c853d7a2e65c682630297eed513d392eb4f4d4582e6c:98962333835932724172706893234441148354676146677314516822913323118510688631726:1774533343", "side": "buy", "price": 0.7045563418617311, "size": 36.74, "outcome": "down", "asset": "98962333835932724172706893234441148354676146677314516822913323118510688631726", "transaction_hash": "0xeb3228e2b69553d11256c853d7a2e65c682630297eed513d392eb4f4d4582e6c", "source": "polymarket"}
{"timestamp_utc": "2026-03-26T13:55:43Z", "market_key": "SOL5M_2026-03-26T14:00:00Z", "condition_id": "0x75004530723c0878405b73a6edffbefae759cfc5aa88bdfa45b2ab5ff66ce3af", "trade_id": "0xde77724a4eb9c87b597af41a40f959829d2e8551eca97f0b8918504cdedc2657:98962333835932724172706893234441148354676146677314516822913323118510688631726:1774533343", "side": "buy", "price": 0.68, "size": 5.0, "outcome": "down", "asset": "98962333835932724172706893234441148354676146677314516822913323118510688631726", "transaction_hash": "0xde77724a4eb9c87b597af41a40f959829d2e8551eca97f0b8918504cdedc2657", "source": "polymarket"}
{"timestamp_utc": "2026-03-26T13:55:43Z", "market_key": "SOL5M_2026-03-26T14:00:00Z", "condition_id": "0x75004530723c0878405b73a6edffbefae759cfc5aa88bdfa45b2ab5ff66ce3af", "trade_id": "0xe58345e1ccf611f1759a633462fe9fbe56841cc5805de97ba26d34a828a8e1fe:98962333835932724172706893234441148354676146677314516822913323118510688631726:1774533343", "side": "buy", "price": 0.6699999746212003, "size": 5.910445, "outcome": "down", "asset": "98962333835932724172706893234441148354676146677314516822913323118510688631726", "transaction_hash": "0xe58345e1ccf611f1759a633462fe9fbe56841cc5805de97ba26d34a828a8e1fe", "source": "polymarket"}
{"timestamp_utc": "2026-03-26T13:55:43Z", "market_key": "SOL5M_2026-03-26T14:00:00Z", "condition_id": "0x75004530723c0878405b73a6edffbefae759cfc5aa88bdfa45b2ab5ff66ce3af", "trade_id": "0x8df39d8ddbc42c6a95ee13d7e86e013990dc293432c2ef217fa7ac6555896018:98962333835932724172706893234441148354676146677314516822913323118510688631726:1774533343", "side": "buy", "price": 0.67, "size": 3.3, "outcome": "down", "asset": "98962333835932724172706893234441148354676146677314516822913323118510688631726", "transaction_hash": "0x8df39d8ddbc42c6a95ee13d7e86e013990dc293432c2ef217fa7ac6555896018", "source": "polymarket"}
{"timestamp_utc": "2026-03-26T13:55:43Z", "market_key": "SOL5M_2026-03-26T14:00:00Z", "condition_id": "0x75004530723c0878405b73a6edffbefae759cfc5aa88bdfa45b2ab5ff66ce3af", "trade_id": "0x2f80f2ce4d74c9dc5e23cfcc193694f72f24eed6b0243fb436fc72f233b38204:98962333835932724172706893234441148354676146677314516822913323118510688631726:1774533343", "side": "buy", "price": 0.6618491319422652, "size": 6.134327, "outcome": "down", "asset": "98962333835932724172706893234441148354676146677314516822913323118510688631726", "transaction_hash": "0x2f80f2ce4d74c9dc5e23cfcc193694f72f24eed6b0243fb436fc72f233b38204", "source": "polymarket"}
{"timestamp_utc": "2026-03-26T13:55:43Z", "market_key": "SOL5M_2026-03-26T14:00:00Z", "condition_id": "0x75004530723c0878405b73a6edffbefae759cfc5aa88bdfa45b2ab5ff66ce3af", "trade_id": "0x1e50d6b76dffeaf6822fe7528ca0d2c1265fd6f2eb0bc4c7511dcdc80ae49386:98962333835932724172706893234441148354676146677314516822913323118510688631726:1774533343", "side": "buy", "price": 0.6699999955333275, "size": 2.238803, "outcome": "down", "asset": "98962333835932724172706893234441148354676146677314516822913323118510688631726", "transaction_hash": "0x1e50d6b76dffeaf6822fe7528ca0d2c1265fd6f2eb0bc4c7511dcdc80ae49386", "source": "polymarket"}
{"timestamp_utc": "2026-03-26T13:55:43Z", "market_key": "SOL5M_2026-03-26T14:00:00Z", "condition_id": "0x75004530723c0878405b73a6edffbefae759cfc5aa88bdfa45b2ab5ff66ce3af", "trade_id": "0x12d8abde13a9235ea9cb87e0621d9805642b29b7260cf3d72813193bfb653ba1:98962333835932724172706893234441148354676146677314516822913323118510688631726:1774533343", "side": "buy", "price": 0.64, "size": 11.86, "outcome": "down", "asset": "98962333835932724172706893234441148354676146677314516822913323118510688631726", "transaction_hash": "0x12d8abde13a9235ea9cb87e0621d9805642b29b7260cf3d72813193bfb653ba1", "source": "polymarket"}
{"timestamp_utc": "2026-03-26T13:55:43Z", "market_key": "SOL5M_2026-03-26T14:00:00Z", "condition_id": "0x75004530723c0878405b73a6edffbefae759cfc5aa88bdfa45b2ab5ff66ce3af", "trade_id": "0xda48c0079f968da28a823ee80bb64e3294f2170463e41865e14bee4f18d14616:98962333835932724172706893234441148354676146677314516822913323118510688631726:1774533343", "side": "buy", "price": 0.6699999993841911, "size": 16.238803, "outcome": "down", "asset": "98962333835932724172706893234441148354676146677314516822913323118510688631726", "transaction_hash": "0xda48c0079f968da28a823ee80bb64e3294f2170463e41865e14bee4f18d14616", "source": "polymarket"}
{"timestamp_utc": "2026-03-26T13:55:43Z", "market_key": "SOL5M_2026-03-26T14:00:00Z", "condition_id": "0x75004530723c0878405b73a6edffbefae759cfc5aa88bdfa45b2ab5ff66ce3af", "trade_id": "0x31a68bb834e31df2a46229d1bc31b187a83d3282ffd89433a4182b8bcd45cf55:6497462929760307984313676120987872045088140359099951294244837359633802302525:1774533343", "side": "sell", "price": 0.33, "size": 1.16, "outcome": "up", "asset": "6497462929760307984313676120987872045088140359099951294244837359633802302525", "transaction_hash": "0x31a68bb834e31df2a46229d1bc31b187a83d3282ffd89433a4182b8bcd45cf55", "source": "polymarket"}
{"timestamp_utc": "2026-03-26T13:55:45Z", "market_key": "SOL5M_2026-03-26T14:00:00Z", "condition_id": "0x75004530723c0878405b73a6edffbefae759cfc5aa88bdfa45b2ab5ff66ce3af", "trade_id": "0x8aab7485515a3dde2c1fe8b3ec3f42fe80bbea2e031b9b2ceb0d0adfe8345fcc:98962333835932724172706893234441148354676146677314516822913323118510688631726:1774533345", "side": "buy", "price": 0.7121259842519685, "size": 38.1, "outcome": "down", "asset": "98962333835932724172706893234441148354676146677314516822913323118510688631726", "transaction_hash": "0x8aab7485515a3dde2c1fe8b3ec3f42fe80bbea2e031b9b2ceb0d0adfe8345fcc", "source": "polymarket"}
{"timestamp_utc": "2026-03-26T13:55:45Z", "market_key": "SOL5M_2026-03-26T14:00:00Z", "condition_id": "0x75004530723c0878405b73a6edffbefae759cfc5aa88bdfa45b2ab5ff66ce3af", "trade_id": "0x5d724dc7c52a07c4594c25ceb1373b58813d7cdb7ee44dac2e8bad4d18e9cd98:6497462929760307984313676120987872045088140359099951294244837359633802302525:1774533345", "side": "sell", "price": 0.3025, "size": 20.0, "outcome": "up", "asset": "6497462929760307984313676120987872045088140359099951294244837359633802302525", "transaction_hash": "0x5d724dc7c52a07c4594c25ceb1373b58813d7cdb7ee44dac2e8bad4d18e9cd98", "source": "polymarket"}
{"timestamp_utc": "2026-03-26T13:55:47Z", "market_key": "SOL5M_2026-03-26T14:00:00Z", "condition_id": "0x75004530723c0878405b73a6edffbefae759cfc5aa88bdfa45b2ab5ff66ce3af", "trade_id": "0x7b46c8e640c811a6623a5a9a663ee927dd2eea0278364e05506adfbe7c5b2bf8:98962333835932724172706893234441148354676146677314516822913323118510688631726:1774533347", "side": "buy", "price": 0.7, "size": 25.0, "outcome": "down", "asset": "98962333835932724172706893234441148354676146677314516822913323118510688631726", "transaction_hash": "0x7b46c8e640c811a6623a5a9a663ee927dd2eea0278364e05506adfbe7c5b2bf8", "source": "polymarket"}
{"timestamp_utc": "2026-03-26T13:55:47Z", "market_key": "SOL5M_2026-03-26T14:00:00Z", "condition_id": "0x75004530723c0878405b73a6edffbefae759cfc5aa88bdfa45b2ab5ff66ce3af", "trade_id": "0xcb6755ffc06a99cd55484e759cafe34ffbc6e410cd3d25d9c813990aba3bba9b:98962333835932724172706893234441148354676146677314516822913323118510688631726:1774533347", "side": "sell", "price": 0.71, "size": 0.82, "outcome": "down", "asset": "98962333835932724172706893234441148354676146677314516822913323118510688631726", "transaction_hash": "0xcb6755ffc06a99cd55484e759cafe34ffbc6e410cd3d25d9c813990aba3bba9b", "source": "polymarket"}
{"timestamp_utc": "2026-03-26T13:55:51Z", "market_key": "SOL5M_2026-03-26T14:00:00Z", "condition_id": "0x75004530723c0878405b73a6edffbefae759cfc5aa88bdfa45b2ab5ff66ce3af", "trade_id": "0x1c97d13c33c4a4ccdb53a106901140134cd07cd22e9681c922acd581a7e383f0:98962333835932724172706893234441148354676146677314516822913323118510688631726:1774533351", "side": "sell", "price": 0.71, "size": 0.86, "outcome": "down", "asset": "98962333835932724172706893234441148354676146677314516822913323118510688631726", "transaction_hash": "0x1c97d13c33c4a4ccdb53a106901140134cd07cd22e9681c922acd581a7e383f0", "source": "polymarket"}
{"timestamp_utc": "2026-03-26T13:55:51Z", "market_key": "SOL5M_2026-03-26T14:00:00Z", "condition_id": "0x75004530723c0878405b73a6edffbefae759cfc5aa88bdfa45b2ab5ff66ce3af", "trade_id": "0xb83898903447d3ff0d47cac847758134617bd9ed2bc9364ca198a2dda3d73cf6:6497462929760307984313676120987872045088140359099951294244837359633802302525:1774533351", "side": "buy", "price": 0.29414527711088223, "size": 92.233332, "outcome": "up", "asset": "6497462929760307984313676120987872045088140359099951294244837359633802302525", "transaction_hash": "0xb83898903447d3ff0d47cac847758134617bd9ed2bc9364ca198a2dda3d73cf6", "source": "polymarket"}
{"timestamp_utc": "2026-03-26T13:55:51Z", "market_key": "SOL5M_2026-03-26T14:00:00Z", "condition_id": "0x75004530723c0878405b73a6edffbefae759cfc5aa88bdfa45b2ab5ff66ce3af", "trade_id": "0xd59688012d331986d9fb4f32c4698156fe64474ce308b76509945a6e156b10a0:6497462929760307984313676120987872045088140359099951294244837359633802302525:1774533351", "side": "buy", "price": 0.29, "size": 5.0, "outcome": "up", "asset": "6497462929760307984313676120987872045088140359099951294244837359633802302525", "transaction_hash": "0xd59688012d331986d9fb4f32c4698156fe64474ce308b76509945a6e156b10a0", "source": "polymarket"}
{"timestamp_utc": "2026-03-26T13:55:53Z", "market_key": "SOL5M_2026-03-26T14:00:00Z", "condition_id": "0x75004530723c0878405b73a6edffbefae759cfc5aa88bdfa45b2ab5ff66ce3af", "trade_id": "0x81a128680fe677d2294e07e8c13c150b0fa4250620d1f3d422bc11dfe03d0cec:98962333835932724172706893234441148354676146677314516822913323118510688631726:1774533353", "side": "buy", "price": 0.7011504424778761, "size": 5.65, "outcome": "down", "asset": "98962333835932724172706893234441148354676146677314516822913323118510688631726", "transaction_hash": "0x81a128680fe677d2294e07e8c13c150b0fa4250620d1f3d422bc11dfe03d0cec", "source": "polymarket"}
{"timestamp_utc": "2026-03-26T13:55:53Z", "market_key": "SOL5M_2026-03-26T14:00:00Z", "condition_id": "0x75004530723c0878405b73a6edffbefae759cfc5aa88bdfa45b2ab5ff66ce3af", "trade_id": "0xa2926b9261c1baca097e80f75c7246837c0d3662ab893e11c23561765af8b40e:98962333835932724172706893234441148354676146677314516822913323118510688631726:1774533353", "side": "buy", "price": 0.71, "size": 4.35, "outcome": "down", "asset": "98962333835932724172706893234441148354676146677314516822913323118510688631726", "transaction_hash": "0xa2926b9261c1baca097e80f75c7246837c0d3662ab893e11c23561765af8b40e", "source": "polymarket"}
{"timestamp_utc": "2026-03-26T13:55:53Z", "market_key": "SOL5M_2026-03-26T14:00:00Z", "condition_id": "0x75004530723c0878405b73a6edffbefae759cfc5aa88bdfa45b2ab5ff66ce3af", "trade_id": "0x472cf456e334f59989023452b9f4ca24d3aa68d4b4666ff46e54dc8b3312c918:6497462929760307984313676120987872045088140359099951294244837359633802302525:1774533353", "side": "buy", "price": 0.3099999711876053, "size": 18.741934, "outcome": "up", "asset": "6497462929760307984313676120987872045088140359099951294244837359633802302525", "transaction_hash": "0x472cf456e334f59989023452b9f4ca24d3aa68d4b4666ff46e54dc8b3312c918", "source": "polymarket"}
{"timestamp_utc": "2026-03-26T13:55:57Z", "market_key": "SOL5M_2026-03-26T14:00:00Z", "condition_id": "0x75004530723c0878405b73a6edffbefae759cfc5aa88bdfa45b2ab5ff66ce3af", "trade_id": "0xe5b092ebf5b54ddd53156bfc42a7e145468b4630cc3a8f86a9e36442cf2e526f:98962333835932724172706893234441148354676146677314516822913323118510688631726:1774533357", "side": "sell", "price": 0.71, "size": 5.56, "outcome": "down", "asset": "98962333835932724172706893234441148354676146677314516822913323118510688631726", "transaction_hash": "0xe5b092ebf5b54ddd53156bfc42a7e145468b4630cc3a8f86a9e36442cf2e526f", "source": "polymarket"}
{"timestamp_utc": "2026-03-26T13:55:57Z", "market_key": "SOL5M_2026-03-26T14:00:00Z", "condition_id": "0x75004530723c0878405b73a6edffbefae759cfc5aa88bdfa45b2ab5ff66ce3af", "trade_id": "0xe5c7bdef4910a483b91ebc73f8ee327f84060eb6b687b8f3d93418e0bb886779:6497462929760307984313676120987872045088140359099951294244837359633802302525:1774533357", "side": "sell", "price": 0.3, "size": 3.16, "outcome": "up", "asset": "6497462929760307984313676120987872045088140359099951294244837359633802302525", "transaction_hash": "0xe5c7bdef4910a483b91ebc73f8ee327f84060eb6b687b8f3d93418e0bb886779", "source": "polymarket"}
{"timestamp_utc": "2026-03-26T13:55:57Z", "market_key": "SOL5M_2026-03-26T14:00:00Z", "condition_id": "0x75004530723c0878405b73a6edffbefae759cfc5aa88bdfa45b2ab5ff66ce3af", "trade_id": "0x10a5792cbe7bb2e743f52f90d233eae21d8e87ed37b3d4a8a5f673e38e154d41:98962333835932724172706893234441148354676146677314516822913323118510688631726:1774533357", "side": "buy", "price": 0.7, "size": 15.0, "outcome": "down", "asset": "98962333835932724172706893234441148354676146677314516822913323118510688631726", "transaction_hash": "0x10a5792cbe7bb2e743f52f90d233eae21d8e87ed37b3d4a8a5f673e38e154d41", "source": "polymarket"}
{"timestamp_utc": "2026-03-26T13:55:57Z", "market_key": "SOL5M_2026-03-26T14:00:00Z", "condition_id": "0x75004530723c0878405b73a6edffbefae759cfc5aa88bdfa45b2ab5ff66ce3af", "trade_id": "0xfc00dbe993882f2984fdd7137c3562ff0381ffc9d22526d022ddf2f72b037c79:98962333835932724172706893234441148354676146677314516822913323118510688631726:1774533357", "side": "buy", "price": 0.7, "size": 15.0, "outcome": "down", "asset": "98962333835932724172706893234441148354676146677314516822913323118510688631726", "transaction_hash": "0xfc00dbe993882f2984fdd7137c3562ff0381ffc9d22526d022ddf2f72b037c79", "source": "polymarket"}
{"timestamp_utc": "2026-03-26T13:55:57Z", "market_key": "SOL5M_2026-03-26T14:00:00Z", "condition_id": "0x75004530723c0878405b73a6edffbefae759cfc5aa88bdfa45b2ab5ff66ce3af", "trade_id": "0xaa1b5f2699754c57614507ad872db4c4d7817ece9f0ece97935b6800a50c9c6c:98962333835932724172706893234441148354676146677314516822913323118510688631726:1774533357", "side": "buy", "price": 0.7, "size": 5.5, "outcome": "down", "asset": "98962333835932724172706893234441148354676146677314516822913323118510688631726", "transaction_hash": "0xaa1b5f2699754c57614507ad872db4c4d7817ece9f0ece97935b6800a50c9c6c", "source": "polymarket"}
{"timestamp_utc": "2026-03-26T13:55:57Z", "market_key": "SOL5M_2026-03-26T14:00:00Z", "condition_id": "0x75004530723c0878405b73a6edffbefae759cfc5aa88bdfa45b2ab5ff66ce3af", "trade_id": "0xebd0f48aae49ce56ec3d19733eefadf207c8fb62cc412a81ad4543372b944848:98962333835932724172706893234441148354676146677314516822913323118510688631726:1774533357", "side": "sell", "price": 0.6912195121951219, "size": 3.69, "outcome": "down", "asset": "98962333835932724172706893234441148354676146677314516822913323118510688631726", "transaction_hash": "0xebd0f48aae49ce56ec3d19733eefadf207c8fb62cc412a81ad4543372b944848", "source": "polymarket"}
{"timestamp_utc": "2026-03-26T13:55:59Z", "market_key": "SOL5M_2026-03-26T14:00:00Z", "condition_id": "0x75004530723c0878405b73a6edffbefae759cfc5aa88bdfa45b2ab5ff66ce3af", "trade_id": "0x7546367ab6ba326e62126efb7fb5aaf6a97cb8e7170561aac78c8974b9163109:98962333835932724172706893234441148354676146677314516822913323118510688631726:1774533359", "side": "buy", "price": 0.71, "size": 1.14, "outcome": "down", "asset": "98962333835932724172706893234441148354676146677314516822913323118510688631726", "transaction_hash": "0x7546367ab6ba326e62126efb7fb5aaf6a97cb8e7170561aac78c8974b9163109", "source": "polymarket"}
{"timestamp_utc": "2026-03-26T13:55:59Z", "market_key": "SOL5M_2026-03-26T14:00:00Z", "condition_id": "0x75004530723c0878405b73a6edffbefae759cfc5aa88bdfa45b2ab5ff66ce3af", "trade_id": "0xb6b87cf97a5543e08800e70da72a576d0e9d1ab2f2854bb1f79872c42ef534dc:6497462929760307984313676120987872045088140359099951294244837359633802302525:1774533359", "side": "sell", "price": 0.29, "size": 3.86, "outcome": "up", "asset": "6497462929760307984313676120987872045088140359099951294244837359633802302525", "transaction_hash": "0xb6b87cf97a5543e08800e70da72a576d0e9d1ab2f2854bb1f79872c42ef534dc", "source": "polymarket"}
{"timestamp_utc": "2026-03-26T13:55:59Z", "market_key": "SOL5M_2026-03-26T14:00:00Z", "condition_id": "0x75004530723c0878405b73a6edffbefae759cfc5aa88bdfa45b2ab5ff66ce3af", "trade_id": "0x268dee89dde3bd53395eda7da5b7b1b90952c4a1721391262eab588a8c45927c:6497462929760307984313676120987872045088140359099951294244837359633802302525:1774533359", "side": "buy", "price": 0.32, "size": 7.56, "outcome": "up", "asset": "6497462929760307984313676120987872045088140359099951294244837359633802302525", "transaction_hash": "0x268dee89dde3bd53395eda7da5b7b1b90952c4a1721391262eab588a8c45927c", "source": "polymarket"}
{"timestamp_utc": "2026-03-26T13:56:01Z", "market_key": "SOL5M_2026-03-26T14:00:00Z", "condition_id": "0x75004530723c0878405b73a6edffbefae759cfc5aa88bdfa45b2ab5ff66ce3af", "trade_id": "0xd648027b4df55dc975180abbce928815f18f4b1777c6f4081fddf380d8bcce73:98962333835932724172706893234441148354676146677314516822913323118510688631726:1774533361", "side": "sell", "price": 0.69, "size": 1.27, "outcome": "down", "asset": "98962333835932724172706893234441148354676146677314516822913323118510688631726", "transaction_hash": "0xd648027b4df55dc975180abbce928815f18f4b1777c6f4081fddf380d8bcce73", "source": "polymarket"}
{"timestamp_utc": "2026-03-26T13:56:03Z", "market_key": "SOL5M_2026-03-26T14:00:00Z", "condition_id": "0x75004530723c0878405b73a6edffbefae759cfc5aa88bdfa45b2ab5ff66ce3af", "trade_id": "0x4b41f8c6fe069c3d2772422f2d17b8f030461d53d8acd34c5ba586c0462b067c:98962333835932724172706893234441148354676146677314516822913323118510688631726:1774533363", "side": "buy", "price": 0.71, "size": 18.0, "outcome": "down", "asset": "98962333835932724172706893234441148354676146677314516822913323118510688631726", "transaction_hash": "0x4b41f8c6fe069c3d2772422f2d17b8f030461d53d8acd34c5ba586c0462b067c", "source": "polymarket"}
{"timestamp_utc": "2026-03-26T13:56:03Z", "market_key": "SOL5M_2026-03-26T14:00:00Z", "condition_id": "0x75004530723c0878405b73a6edffbefae759cfc5aa88bdfa45b2ab5ff66ce3af", "trade_id": "0x7e28c723e4278fbe6cd4474f3257bd69b557c0d34967085b58cf51b55c61d54e:98962333835932724172706893234441148354676146677314516822913323118510688631726:1774533363", "side": "buy", "price": 0.71, "size": 15.0, "outcome": "down", "asset": "98962333835932724172706893234441148354676146677314516822913323118510688631726", "transaction_hash": "0x7e28c723e4278fbe6cd4474f3257bd69b557c0d34967085b58cf51b55c61d54e", "source": "polymarket"}
{"timestamp_utc": "2026-03-26T13:56:03Z", "market_key": "SOL5M_2026-03-26T14:00:00Z", "condition_id": "0x75004530723c0878405b73a6edffbefae759cfc5aa88bdfa45b2ab5ff66ce3af", "trade_id": "0x955c57506faaf5a4209932405e5db3b291e9b2a637a5c85a9a3d6ba5b2ec81e6:98962333835932724172706893234441148354676146677314516822913323118510688631726:1774533363", "side": "buy", "price": 0.71, "size": 15.0, "outcome": "down", "asset": "98962333835932724172706893234441148354676146677314516822913323118510688631726", "transaction_hash": "0x955c57506faaf5a4209932405e5db3b291e9b2a637a5c85a9a3d6ba5b2ec81e6", "source": "polymarket"}
