{"timestamp_utc": "2026-03-26T16:35:05Z", "market_key": "SOL5M_2026-03-26T16:45:00Z", "condition_id": "0xf5de02b344f53038d40c70f70f938546b0ca33d5ae512f24dd17ebac61b2ede6", "trade_id": "0x764ea1bdb56a96683dd37449b0e7e955c36feeebc90b88e31c5afb7b651e33f8:91551841132938827379735447426925244678932765337862052620521901819857849985892:1774542905", "side": "buy", "price": 0.5, "size": 2.0, "outcome": "down", "asset": "91551841132938827379735447426925244678932765337862052620521901819857849985892", "transaction_hash": "0x764ea1bdb56a96683dd37449b0e7e955c36feeebc90b88e31c5afb7b651e33f8", "source": "polymarket"}
{"timestamp_utc": "2026-03-26T16:35:05Z", "market_key": "SOL5M_2026-03-26T16:45:00Z", "condition_id": "0xf5de02b344f53038d40c70f70f938546b0ca33d5ae512f24dd17ebac61b2ede6", "trade_id": "0x907c3398fa4025d2a6b89d9f79f1f31e3a4e52677281b5ac5a51be88fbbcd155:101735403989728663080684552488232187187086330994367144668038028688125517594936:1774542905", "side": "buy", "price": 0.5099998316998873, "size": 1.960783, "outcome": "up", "asset": "101735403989728663080684552488232187187086330994367144668038028688125517594936", "transaction_hash": "0x907c3398fa4025d2a6b89d9f79f1f31e3a4e52677281b5ac5a51be88fbbcd155", "source": "polymarket"}
{"timestamp_utc": "2026-03-26T16:35:17Z", "market_key": "SOL5M_2026-03-26T16:45:00Z", "condition_id": "0xf5de02b344f53038d40c70f70f938546b0ca33d5ae512f24dd17ebac61b2ede6", "trade_id": "0x34a56d311ae2cf9951f14b7bef22037d90de6978c1e70630a9a32d4999192473:101735403989728663080684552488232187187086330994367144668038028688125517594936:1774542917", "side": "buy", "price": 0.5099999480377215, "size": 5.196077, "outcome": "up", "asset": "101735403989728663080684552488232187187086330994367144668038028688125517594936", "transaction_hash": "0x34a56d311ae2cf9951f14b7bef22037d90de6978c1e70630a9a32d4999192473", "source": "polymarket"}
{"timestamp_utc": "2026-03-26T16:37:21Z", "market_key": "SOL5M_2026-03-26T16:45:00Z", "condition_id": "0xf5de02b344f53038d40c70f70f938546b0ca33d5ae512f24dd17ebac61b2ede6", "trade_id": "0xdc64c079375afca0e2dd4a1d0ad2aaeca6ac879322a745499daaa22bcfa9bae3:91551841132938827379735447426925244678932765337862052620521901819857849985892:1774543041", "side": "sell", "price": 0.49, "size": 25.0, "outcome": "down", "asset": "91551841132938827379735447426925244678932765337862052620521901819857849985892", "transaction_hash": "0xdc64c079375afca0e2dd4a1d0ad2aaeca6ac879322a745499daaa22bcfa9bae3", "source": "polymarket"}
{"timestamp_utc": "2026-03-26T16:37:49Z", "market_key": "SOL5M_2026-03-26T16:45:00Z", "condition_id": "0xf5de02b344f53038d40c70f70f938546b0ca33d5ae512f24dd17ebac61b2ede6", "trade_id": "0xc6bc8b891715ca741f2666905e67f8473991b287ca514afedac78aa7ee19d720:91551841132938827379735447426925244678932765337862052620521901819857849985892:1774543069", "side": "buy", "price": 0.5, "size": 3.0, "outcome": "down", "asset": "91551841132938827379735447426925244678932765337862052620521901819857849985892", "transaction_hash": "0xc6bc8b891715ca741f2666905e67f8473991b287ca514afedac78aa7ee19d720", "source": "polymarket"}
{"timestamp_utc": "2026-03-26T16:38:01Z", "market_key": "SOL5M_2026-03-26T16:45:00Z", "condition_id": "0xf5de02b344f53038d40c70f70f938546b0ca33d5ae512f24dd17ebac61b2ede6", "trade_id": "0xeb6707d936178084327d489cc75bebb8c8753e395cd928214a7b541a67aaa0be:101735403989728663080684552488232187187086330994367144668038028688125517594936:1774543081", "side": "buy", "price": 0.51, "size": 6.31, "outcome": "up", "asset": "101735403989728663080684552488232187187086330994367144668038028688125517594936", "transaction_hash": "0xeb6707d936178084327d489cc75bebb8c8753e395cd928214a7b541a67aaa0be", "source": "polymarket"}
{"timestamp_utc": "2026-03-26T16:38:55Z", "market_key": "SOL5M_2026-03-26T16:45:00Z", "condition_id": "0xf5de02b344f53038d40c70f70f938546b0ca33d5ae512f24dd17ebac61b2ede6", "trade_id": "0xb40c70b1cc25fc236ce10d9588227f6778f57e0007cedd9f92a10ffb44ba14f3:91551841132938827379735447426925244678932765337862052620521901819857849985892:1774543135", "side": "buy", "price": 0.5, "size": 10.0, "outcome": "down", "asset": "91551841132938827379735447426925244678932765337862052620521901819857849985892", "transaction_hash": "0xb40c70b1cc25fc236ce10d9588227f6778f57e0007cedd9f92a10ffb44ba14f3", "source": "polymarket"}
{"timestamp_utc": "2026-03-26T16:39:05Z", "market_key": "SOL5M_2026-03-26T16:45:00Z", "condition_id": "0xf5de02b344f53038d40c70f70f938546b0ca33d5ae512f24dd17ebac61b2ede6", "trade_id": "0x5ab10c6b1db06eede31df9d468f643ae780b78d7795bed88c0641fce3805beaf:101735403989728663080684552488232187187086330994367144668038028688125517594936:1774543145", "side": "buy", "price": 0.5299998780999061, "size": 1.886791, "outcome": "up", "asset": "101735403989728663080684552488232187187086330994367144668038028688125517594936", "transaction_hash": "0x5ab10c6b1db06eede31df9d468f643ae780b78d7795bed88c0641fce3805beaf", "source": "polymarket"}
{"timestamp_utc": "2026-03-26T16:39:05Z", "market_key": "SOL5M_2026-03-26T16:45:00Z", "condition_id": "0xf5de02b344f53038d40c70f70f938546b0ca33d5ae512f24dd17ebac61b2ede6", "trade_id": "0x4fcaa3a28bab261fce634a6d81176e6e0854626d42c87ad8a4ef45d8a76b1296:91551841132938827379735447426925244678932765337862052620521901819857849985892:1774543145", "side": "buy", "price": 0.5, "size": 10.0, "outcome": "down", "asset": "91551841132938827379735447426925244678932765337862052620521901819857849985892", "transaction_hash": "0x4fcaa3a28bab261fce634a6d81176e6e0854626d42c87ad8a4ef45d8a76b1296", "source": "polymarket"}
{"timestamp_utc": "2026-03-26T16:39:05Z", "market_key": "SOL5M_2026-03-26T16:45:00Z", "condition_id": "0xf5de02b344f53038d40c70f70f938546b0ca33d5ae512f24dd17ebac61b2ede6", "trade_id": "0x048bd2a9889068d2bebf4307785873ed768543c52b08864ba8044a8e64b9a5eb:101735403989728663080684552488232187187086330994367144668038028688125517594936:1774543145", "side": "buy", "price": 0.51, "size": 71.52, "outcome": "up", "asset": "101735403989728663080684552488232187187086330994367144668038028688125517594936", "transaction_hash": "0x048bd2a9889068d2bebf4307785873ed768543c52b08864ba8044a8e64b9a5eb", "source": "polymarket"}
{"timestamp_utc": "2026-03-26T16:39:11Z", "market_key": "SOL5M_2026-03-26T16:45:00Z", "condition_id": "0xf5de02b344f53038d40c70f70f938546b0ca33d5ae512f24dd17ebac61b2ede6", "trade_id": "0x86de6baf2394cec8ceef657c06d5e005860e3d6b0a3f51e726829d10e8ab7bf8:91551841132938827379735447426925244678932765337862052620521901819857849985892:1774543151", "side": "buy", "price": 0.48, "size": 2.5, "outcome": "down", "asset": "91551841132938827379735447426925244678932765337862052620521901819857849985892", "transaction_hash": "0x86de6baf2394cec8ceef657c06d5e005860e3d6b0a3f51e726829d10e8ab7bf8", "source": "polymarket"}
{"timestamp_utc": "2026-03-26T16:39:13Z", "market_key": "SOL5M_2026-03-26T16:45:00Z", "condition_id": "0xf5de02b344f53038d40c70f70f938546b0ca33d5ae512f24dd17ebac61b2ede6", "trade_id": "0x4cf6b8e3774567d475bf36150ddadb1ee325e07dc0f1ba283ed386d231ef5be4:91551841132938827379735447426925244678932765337862052620521901819857849985892:1774543153", "side": "buy", "price": 0.48, "size": 8.33, "outcome": "down", "asset": "91551841132938827379735447426925244678932765337862052620521901819857849985892", "transaction_hash": "0x4cf6b8e3774567d475bf36150ddadb1ee325e07dc0f1ba283ed386d231ef5be4", "source": "polymarket"}
{"timestamp_utc": "2026-03-26T16:39:35Z", "market_key": "SOL5M_2026-03-26T16:45:00Z", "condition_id": "0xf5de02b344f53038d40c70f70f938546b0ca33d5ae512f24dd17ebac61b2ede6", "trade_id": "0x743610f7b5262bdc9d291aebafc31d9be9dd005e58f4fdb44e3dc3f518806384:91551841132938827379735447426925244678932765337862052620521901819857849985892:1774543175", "side": "buy", "price": 0.48, "size": 9.0, "outcome": "down", "asset": "91551841132938827379735447426925244678932765337862052620521901819857849985892", "transaction_hash": "0x743610f7b5262bdc9d291aebafc31d9be9dd005e58f4fdb44e3dc3f518806384", "source": "polymarket"}
{"timestamp_utc": "2026-03-26T16:39:55Z", "market_key": "SOL5M_2026-03-26T16:45:00Z", "condition_id": "0xf5de02b344f53038d40c70f70f938546b0ca33d5ae512f24dd17ebac61b2ede6", "trade_id": "0x635568dd4ea25c2040f896c336e1bacb5ba96d406bb45e78581f3591faf30153:101735403989728663080684552488232187187086330994367144668038028688125517594936:1774543195", "side": "buy", "price": 0.54, "size": 6.0, "outcome": "up", "asset": "101735403989728663080684552488232187187086330994367144668038028688125517594936", "transaction_hash": "0x635568dd4ea25c2040f896c336e1bacb5ba96d406bb45e78581f3591faf30153", "source": "polymarket"}
{"timestamp_utc": "2026-03-26T16:39:55Z", "market_key": "SOL5M_2026-03-26T16:45:00Z", "condition_id": "0xf5de02b344f53038d40c70f70f938546b0ca33d5ae512f24dd17ebac61b2ede6", "trade_id": "0x28ded8e3d934fe0e9972988a28e13268e8a83039a3e423e66c63de41a82ce62f:101735403989728663080684552488232187187086330994367144668038028688125517594936:1774543195", "side": "buy", "price": 0.54, "size": 11.0, "outcome": "up", "asset": "101735403989728663080684552488232187187086330994367144668038028688125517594936", "transaction_hash": "0x28ded8e3d934fe0e9972988a28e13268e8a83039a3e423e66c63de41a82ce62f", "source": "polymarket"}
{"timestamp_utc": "2026-03-26T16:39:55Z", "market_key": "SOL5M_2026-03-26T16:45:00Z", "condition_id": "0xf5de02b344f53038d40c70f70f938546b0ca33d5ae512f24dd17ebac61b2ede6", "trade_id": "0x41468c0fc918657c404f707c6edd40eaedb1f141031827c82fd7e4f4e0241aee:101735403989728663080684552488232187187086330994367144668038028688125517594936:1774543195", "side": "buy", "price": 0.54427081244574, "size": 5.236362, "outcome": "up", "asset": "101735403989728663080684552488232187187086330994367144668038028688125517594936", "transaction_hash": "0x41468c0fc918657c404f707c6edd40eaedb1f141031827c82fd7e4f4e0241aee", "source": "polymarket"}
{"timestamp_utc": "2026-03-26T16:39:57Z", "market_key": "SOL5M_2026-03-26T16:45:00Z", "condition_id": "0xf5de02b344f53038d40c70f70f938546b0ca33d5ae512f24dd17ebac61b2ede6", "trade_id": "0xac9c887084696435016f954c58d3a034a58d719fcb32dabbb461df782ef9e049:101735403989728663080684552488232187187086330994367144668038028688125517594936:1774543197", "side": "buy", "price": 0.55, "size": 5.0, "outcome": "up", "asset": "101735403989728663080684552488232187187086330994367144668038028688125517594936", "transaction_hash": "0xac9c887084696435016f954c58d3a034a58d719fcb32dabbb461df782ef9e049", "source": "polymarket"}
{"timestamp_utc": "2026-03-26T16:39:59Z", "market_key": "SOL5M_2026-03-26T16:45:00Z", "condition_id": "0xf5de02b344f53038d40c70f70f938546b0ca33d5ae512f24dd17ebac61b2ede6", "trade_id": "0x6477b0067c91efec0cb93cd3dcb3289a82bf3c45df9ba6270203d1fba4b6d22a:101735403989728663080684552488232187187086330994367144668038028688125517594936:1774543199", "side": "buy", "price": 0.55, "size": 5.0, "outcome": "up", "asset": "101735403989728663080684552488232187187086330994367144668038028688125517594936", "transaction_hash": "0x6477b0067c91efec0cb93cd3dcb3289a82bf3c45df9ba6270203d1fba4b6d22a", "source": "polymarket"}
{"timestamp_utc": "2026-03-26T16:40:03Z", "market_key": "SOL5M_2026-03-26T16:45:00Z", "condition_id": "0xf5de02b344f53038d40c70f70f938546b0ca33d5ae512f24dd17ebac61b2ede6", "trade_id": "0x84a5ac50dc46b6d8c0a3f81c539835469aef3141e57390b08dda097ac2838212:91551841132938827379735447426925244678932765337862052620521901819857849985892:1774543203", "side": "buy", "price": 0.4761189492620848, "size": 7.20408, "outcome": "down", "asset": "91551841132938827379735447426925244678932765337862052620521901819857849985892", "transaction_hash": "0x84a5ac50dc46b6d8c0a3f81c539835469aef3141e57390b08dda097ac2838212", "source": "polymarket"}
{"timestamp_utc": "2026-03-26T16:40:05Z", "market_key": "SOL5M_2026-03-26T16:45:00Z", "condition_id": "0xf5de02b344f53038d40c70f70f938546b0ca33d5ae512f24dd17ebac61b2ede6", "trade_id": "0xbf7f3b8aab308ab32e3aa38ed26b61f2b34b5c4571f737a300a062c477eff166:91551841132938827379735447426925244678932765337862052620521901819857849985892:1774543205", "side": "buy", "price": 0.4899999784399923, "size": 5.102039, "outcome": "down", "asset": "91551841132938827379735447426925244678932765337862052620521901819857849985892", "transaction_hash": "0xbf7f3b8aab308ab32e3aa38ed26b61f2b34b5c4571f737a300a062c477eff166", "source": "polymarket"}
{"timestamp_utc": "2026-03-26T16:40:05Z", "market_key": "SOL5M_2026-03-26T16:45:00Z", "condition_id": "0xf5de02b344f53038d40c70f70f938546b0ca33d5ae512f24dd17ebac61b2ede6", "trade_id": "0xfc62517a055dfc4abee27aa5003d9df4f95685b77b375bd11e08a5aa1473f9bf:101735403989728663080684552488232187187086330994367144668038028688125517594936:1774543205", "side": "buy", "price": 0.5299999053571034, "size": 3.16981, "outcome": "up", "asset": "101735403989728663080684552488232187187086330994367144668038028688125517594936", "transaction_hash": "0xfc62517a055dfc4abee27aa5003d9df4f95685b77b375bd11e08a5aa1473f9bf", "source": "polymarket"}
{"timestamp_utc": "2026-03-26T16:40:05Z", "market_key": "SOL5M_2026-03-26T16:45:00Z", "condition_id": "0xf5de02b344f53038d40c70f70f938546b0ca33d5ae512f24dd17ebac61b2ede6", "trade_id": "0x19e91f83ce00b8ca49882004f9c975992b6e88cd0dc7aae9f4bab184ee29e57a:91551841132938827379735447426925244678932765337862052620521901819857849985892:1774543205", "side": "buy", "price": 0.49, "size": 17.54, "outcome": "down", "asset": "91551841132938827379735447426925244678932765337862052620521901819857849985892", "transaction_hash": "0x19e91f83ce00b8ca49882004f9c975992b6e88cd0dc7aae9f4bab184ee29e57a", "source": "polymarket"}
{"timestamp_utc": "2026-03-26T16:40:07Z", "market_key": "SOL5M_2026-03-26T16:45:00Z", "condition_id": "0xf5de02b344f53038d40c70f70f938546b0ca33d5ae512f24dd17ebac61b2ede6", "trade_id": "0x502728d7528833abdc1bc23185669c4ee531dcaaea1bd0614c3f8d6a92680633:101735403989728663080684552488232187187086330994367144668038028688125517594936:1774543207", "side": "buy", "price": 0.5462249346120314, "size": 22.94, "outcome": "up", "asset": "101735403989728663080684552488232187187086330994367144668038028688125517594936", "transaction_hash": "0x502728d7528833abdc1bc23185669c4ee531dcaaea1bd0614c3f8d6a92680633", "source": "polymarket"}
{"timestamp_utc": "2026-03-26T16:40:07Z", "market_key": "SOL5M_2026-03-26T16:45:00Z", "condition_id": "0xf5de02b344f53038d40c70f70f938546b0ca33d5ae512f24dd17ebac61b2ede6", "trade_id": "0xe815e04c2e4cc716013c1838a1a8536dcb0238eb2a26eaf8a8712a5caf41c862:101735403989728663080684552488232187187086330994367144668038028688125517594936:1774543207", "side": "buy", "price": 0.5803846153846154, "size": 5.2, "outcome": "up", "asset": "101735403989728663080684552488232187187086330994367144668038028688125517594936", "transaction_hash": "0xe815e04c2e4cc716013c1838a1a8536dcb0238eb2a26eaf8a8712a5caf41c862", "source": "polymarket"}
{"timestamp_utc": "2026-03-26T16:40:07Z", "market_key": "SOL5M_2026-03-26T16:45:00Z", "condition_id": "0xf5de02b344f53038d40c70f70f938546b0ca33d5ae512f24dd17ebac61b2ede6", "trade_id": "0xbb4a455f4e31ccd90af0d7207626bd4b2a3f483b142530e4dda1bfbb4619f7e7:101735403989728663080684552488232187187086330994367144668038028688125517594936:1774543207", "side": "buy", "price": 0.5799998963127518, "size": 3.086204, "outcome": "up", "asset": "101735403989728663080684552488232187187086330994367144668038028688125517594936", "transaction_hash": "0xbb4a455f4e31ccd90af0d7207626bd4b2a3f483b142530e4dda1bfbb4619f7e7", "source": "polymarket"}
{"timestamp_utc": "2026-03-26T16:40:07Z", "market_key": "SOL5M_2026-03-26T16:45:00Z", "condition_id": "0xf5de02b344f53038d40c70f70f938546b0ca33d5ae512f24dd17ebac61b2ede6", "trade_id": "0xbbd9fc7858e6b02a7225a5f94f3b624a2bd14c1ed7084eec3f0254c1e9f14c91:101735403989728663080684552488232187187086330994367144668038028688125517594936:1774543207", "side": "buy", "price": 0.610084060782412, "size": 30.93, "outcome": "up", "asset": "101735403989728663080684552488232187187086330994367144668038028688125517594936", "transaction_hash": "0xbbd9fc7858e6b02a7225a5f94f3b624a2bd14c1ed7084eec3f0254c1e9f14c91", "source": "polymarket"}
{"timestamp_utc": "2026-03-26T16:40:07Z", "market_key": "SOL5M_2026-03-26T16:45:00Z", "condition_id": "0xf5de02b344f53038d40c70f70f938546b0ca33d5ae512f24dd17ebac61b2ede6", "trade_id": "0x8bc88d72a69442bcdfa0dacbe5273db8cb54fd15856064459711dda6741fd190:101735403989728663080684552488232187187086330994367144668038028688125517594936:1774543207", "side": "buy", "price": 0.61, "size": 30.33, "outcome": "up", "asset": "101735403989728663080684552488232187187086330994367144668038028688125517594936", "transaction_hash": "0x8bc88d72a69442bcdfa0dacbe5273db8cb54fd15856064459711dda6741fd190", "source": "polymarket"}
{"timestamp_utc": "2026-03-26T16:40:07Z", "market_key": "SOL5M_2026-03-26T16:45:00Z", "condition_id": "0xf5de02b344f53038d40c70f70f938546b0ca33d5ae512f24dd17ebac61b2ede6", "trade_id": "0x8ee363dd61861e9283171683cb69f2c8f67323b52a2e7512342626f66dcda3ef:101735403989728663080684552488232187187086330994367144668038028688125517594936:1774543207", "side": "buy", "price": 0.56, "size": 5.05, "outcome": "up", "asset": "101735403989728663080684552488232187187086330994367144668038028688125517594936", "transaction_hash": "0x8ee363dd61861e9283171683cb69f2c8f67323b52a2e7512342626f66dcda3ef", "source": "polymarket"}
{"timestamp_utc": "2026-03-26T16:40:07Z", "market_key": "SOL5M_2026-03-26T16:45:00Z", "condition_id": "0xf5de02b344f53038d40c70f70f938546b0ca33d5ae512f24dd17ebac61b2ede6", "trade_id": "0xfe37f17c168f7b3515c25b784a523996e8cc073f28206b2841ae2481a986f8eb:101735403989728663080684552488232187187086330994367144668038028688125517594936:1774543207", "side": "buy", "price": 0.5599999624580821, "size": 3.196427, "outcome": "up", "asset": "101735403989728663080684552488232187187086330994367144668038028688125517594936", "transaction_hash": "0xfe37f17c168f7b3515c25b784a523996e8cc073f28206b2841ae2481a986f8eb", "source": "polymarket"}
{"timestamp_utc": "2026-03-26T16:40:09Z", "market_key": "SOL5M_2026-03-26T16:45:00Z", "condition_id": "0xf5de02b344f53038d40c70f70f938546b0ca33d5ae512f24dd17ebac61b2ede6", "trade_id": "0x44c5935b97896031ea8863efda05839224100a65de5a555aea491a575fac35e4:101735403989728663080684552488232187187086330994367144668038028688125517594936:1774543209", "side": "buy", "price": 0.5912523709164353, "size": 8.253665, "outcome": "up", "asset": "101735403989728663080684552488232187187086330994367144668038028688125517594936", "transaction_hash": "0x44c5935b97896031ea8863efda05839224100a65de5a555aea491a575fac35e4", "source": "polymarket"}
{"timestamp_utc": "2026-03-26T16:40:09Z", "market_key": "SOL5M_2026-03-26T16:45:00Z", "condition_id": "0xf5de02b344f53038d40c70f70f938546b0ca33d5ae512f24dd17ebac61b2ede6", "trade_id": "0xbcd19f1fa9e6413655311d570c30f92fda3428c6741b2e3420df393d922b5c6e:101735403989728663080684552488232187187086330994367144668038028688125517594936:1774543209", "side": "buy", "price": 0.6, "size": 1.666665, "outcome": "up", "asset": "101735403989728663080684552488232187187086330994367144668038028688125517594936", "transaction_hash": "0xbcd19f1fa9e6413655311d570c30f92fda3428c6741b2e3420df393d922b5c6e", "source": "polymarket"}
{"timestamp_utc": "2026-03-26T16:40:09Z", "market_key": "SOL5M_2026-03-26T16:45:00Z", "condition_id": "0xf5de02b344f53038d40c70f70f938546b0ca33d5ae512f24dd17ebac61b2ede6", "trade_id": "0x0668ae4deeea079cf8bfe7a016f895543e08ea24d575436a92e7ec28571e5643:101735403989728663080684552488232187187086330994367144668038028688125517594936:1774543209", "side": "buy", "price": 0.59, "size": 5.5, "outcome": "up", "asset": "101735403989728663080684552488232187187086330994367144668038028688125517594936", "transaction_hash": "0x0668ae4deeea079cf8bfe7a016f895543e08ea24d575436a92e7ec28571e5643", "source": "polymarket"}
{"timestamp_utc": "2026-03-26T16:40:09Z", "market_key": "SOL5M_2026-03-26T16:45:00Z", "condition_id": "0xf5de02b344f53038d40c70f70f938546b0ca33d5ae512f24dd17ebac61b2ede6", "trade_id": "0xa445c684fe2e4fef5f2d95396e3ec5dc8ae2fbb30861a8475098052fc3b360cd:101735403989728663080684552488232187187086330994367144668038028688125517594936:1774543209", "side": "buy", "price": 0.5899999818647509, "size": 8.271185, "outcome": "up", "asset": "101735403989728663080684552488232187187086330994367144668038028688125517594936", "transaction_hash": "0xa445c684fe2e4fef5f2d95396e3ec5dc8ae2fbb30861a8475098052fc3b360cd", "source": "polymarket"}
{"timestamp_utc": "2026-03-26T16:40:09Z", "market_key": "SOL5M_2026-03-26T16:45:00Z", "condition_id": "0xf5de02b344f53038d40c70f70f938546b0ca33d5ae512f24dd17ebac61b2ede6", "trade_id": "0xca8a1b2e4e979675a901dbd3a11f3038d6cebe968e5b57a20329df507639ab12:91551841132938827379735447426925244678932765337862052620521901819857849985892:1774543209", "side": "buy", "price": 0.41, "size": 5.68, "outcome": "down", "asset": "91551841132938827379735447426925244678932765337862052620521901819857849985892", "transaction_hash": "0xca8a1b2e4e979675a901dbd3a11f3038d6cebe968e5b57a20329df507639ab12", "source": "polymarket"}
{"timestamp_utc": "2026-03-26T16:40:09Z", "market_key": "SOL5M_2026-03-26T16:45:00Z", "condition_id": "0xf5de02b344f53038d40c70f70f938546b0ca33d5ae512f24dd17ebac61b2ede6", "trade_id": "0x82f89502ff9235a1fb4167101adcd238f4354b74959e33ba1565b782f9e8aff5:101735403989728663080684552488232187187086330994367144668038028688125517594936:1774543209", "side": "buy", "price": 0.6, "size": 5.0, "outcome": "up", "asset": "101735403989728663080684552488232187187086330994367144668038028688125517594936", "transaction_hash": "0x82f89502ff9235a1fb4167101adcd238f4354b74959e33ba1565b782f9e8aff5", "source": "polymarket"}
{"timestamp_utc": "2026-03-26T16:40:09Z", "market_key": "SOL5M_2026-03-26T16:45:00Z", "condition_id": "0xf5de02b344f53038d40c70f70f938546b0ca33d5ae512f24dd17ebac61b2ede6", "trade_id": "0xc20b7e1888a20e4ca48021c43bea0db93ea9b82dafe0bac4ef6235bc47260209:91551841132938827379735447426925244678932765337862052620521901819857849985892:1774543209", "side": "buy", "price": 0.41, "size": 5.0, "outcome": "down", "asset": "91551841132938827379735447426925244678932765337862052620521901819857849985892", "transaction_hash": "0xc20b7e1888a20e4ca48021c43bea0db93ea9b82dafe0bac4ef6235bc47260209", "source": "polymarket"}
{"timestamp_utc": "2026-03-26T16:40:11Z", "market_key": "SOL5M_2026-03-26T16:45:00Z", "condition_id": "0xf5de02b344f53038d40c70f70f938546b0ca33d5ae512f24dd17ebac61b2ede6", "trade_id": "0xc59ca74b9d65a2aa8616dab3b0c826650ac67ba0eb48fab0869854a1e743d69e:101735403989728663080684552488232187187086330994367144668038028688125517594936:1774543211", "side": "buy", "price": 0.5799999540833274, "size": 8.275861, "outcome": "up", "asset": "101735403989728663080684552488232187187086330994367144668038028688125517594936", "transaction_hash": "0xc59ca74b9d65a2aa8616dab3b0c826650ac67ba0eb48fab0869854a1e743d69e", "source": "polymarket"}
{"timestamp_utc": "2026-03-26T16:40:11Z", "market_key": "SOL5M_2026-03-26T16:45:00Z", "condition_id": "0xf5de02b344f53038d40c70f70f938546b0ca33d5ae512f24dd17ebac61b2ede6", "trade_id": "0xf63e58ddccc2032595d0ae52d46aa65a5adb43c7e39078ac3e255592ca3fd776:101735403989728663080684552488232187187086330994367144668038028688125517594936:1774543211", "side": "buy", "price": 0.58, "size": 13.0, "outcome": "up", "asset": "101735403989728663080684552488232187187086330994367144668038028688125517594936", "transaction_hash": "0xf63e58ddccc2032595d0ae52d46aa65a5adb43c7e39078ac3e255592ca3fd776", "source": "polymarket"}
{"timestamp_utc": "2026-03-26T16:40:11Z", "market_key": "SOL5M_2026-03-26T16:45:00Z", "condition_id": "0xf5de02b344f53038d40c70f70f938546b0ca33d5ae512f24dd17ebac61b2ede6", "trade_id": "0x7c5ce5c71aca84ba07a3457b224b5afd1d24820ebbf193ac0abc7c18f74829d4:101735403989728663080684552488232187187086330994367144668038028688125517594936:1774543211", "side": "buy", "price": 0.5799999572131092, "size": 8.413792, "outcome": "up", "asset": "101735403989728663080684552488232187187086330994367144668038028688125517594936", "transaction_hash": "0x7c5ce5c71aca84ba07a3457b224b5afd1d24820ebbf193ac0abc7c18f74829d4", "source": "polymarket"}
{"timestamp_utc": "2026-03-26T16:40:11Z", "market_key": "SOL5M_2026-03-26T16:45:00Z", "condition_id": "0xf5de02b344f53038d40c70f70f938546b0ca33d5ae512f24dd17ebac61b2ede6", "trade_id": "0xbac894a31b5951a73faa5f1fd99015c671622d76db7b541d183c11b84e0e97a2:91551841132938827379735447426925244678932765337862052620521901819857849985892:1774543211", "side": "buy", "price": 0.42, "size": 5.0, "outcome": "down", "asset": "91551841132938827379735447426925244678932765337862052620521901819857849985892", "transaction_hash": "0xbac894a31b5951a73faa5f1fd99015c671622d76db7b541d183c11b84e0e97a2", "source": "polymarket"}
{"timestamp_utc": "2026-03-26T16:40:13Z", "market_key": "SOL5M_2026-03-26T16:45:00Z", "condition_id": "0xf5de02b344f53038d40c70f70f938546b0ca33d5ae512f24dd17ebac61b2ede6", "trade_id": "0x3ee099a4d260d5a47737812173aab48f8c79acb714f3ff5b49e3070cf52695c2:91551841132938827379735447426925244678932765337862052620521901819857849985892:1774543213", "side": "buy", "price": 0.4379166666666667, "size": 24.0, "outcome": "down", "asset": "91551841132938827379735447426925244678932765337862052620521901819857849985892", "transaction_hash": "0x3ee099a4d260d5a47737812173aab48f8c79acb714f3ff5b49e3070cf52695c2", "source": "polymarket"}
{"timestamp_utc": "2026-03-26T16:40:13Z", "market_key": "SOL5M_2026-03-26T16:45:00Z", "condition_id": "0xf5de02b344f53038d40c70f70f938546b0ca33d5ae512f24dd17ebac61b2ede6", "trade_id": "0x9f7257759127246caa4b73dd01047098ce628405bbed5adacb712e40d3283f1f:101735403989728663080684552488232187187086330994367144668038028688125517594936:1774543213", "side": "buy", "price": 0.5799999613333215, "size": 9.310342, "outcome": "up", "asset": "101735403989728663080684552488232187187086330994367144668038028688125517594936", "transaction_hash": "0x9f7257759127246caa4b73dd01047098ce628405bbed5adacb712e40d3283f1f", "source": "polymarket"}
{"timestamp_utc": "2026-03-26T16:40:13Z", "market_key": "SOL5M_2026-03-26T16:45:00Z", "condition_id": "0xf5de02b344f53038d40c70f70f938546b0ca33d5ae512f24dd17ebac61b2ede6", "trade_id": "0x3e939d82e60d8f5952f69dd9df516995e5146833834d9ce2ea7dc5f94ec07d30:101735403989728663080684552488232187187086330994367144668038028688125517594936:1774543213", "side": "buy", "price": 0.5799999540833274, "size": 8.275861, "outcome": "up", "asset": "101735403989728663080684552488232187187086330994367144668038028688125517594936", "transaction_hash": "0x3e939d82e60d8f5952f69dd9df516995e5146833834d9ce2ea7dc5f94ec07d30", "source": "polymarket"}
{"timestamp_utc": "2026-03-26T16:40:13Z", "market_key": "SOL5M_2026-03-26T16:45:00Z", "condition_id": "0xf5de02b344f53038d40c70f70f938546b0ca33d5ae512f24dd17ebac61b2ede6", "trade_id": "0x8cc0a609b2a4a93ddc80b7a5fdebb55292e242a2776ae516e6fcf0253186212c:91551841132938827379735447426925244678932765337862052620521901819857849985892:1774543213", "side": "buy", "price": 0.43999980639989156, "size": 2.272726, "outcome": "down", "asset": "91551841132938827379735447426925244678932765337862052620521901819857849985892", "transaction_hash": "0x8cc0a609b2a4a93ddc80b7a5fdebb55292e242a2776ae516e6fcf0253186212c", "source": "polymarket"}
{"timestamp_utc": "2026-03-26T16:40:13Z", "market_key": "SOL5M_2026-03-26T16:45:00Z", "condition_id": "0xf5de02b344f53038d40c70f70f938546b0ca33d5ae512f24dd17ebac61b2ede6", "trade_id": "0x693ef06e253efb4a05bb4b4791830a6fdcce8a434c19ff9dac9a9ac4401d3db1:91551841132938827379735447426925244678932765337862052620521901819857849985892:1774543213", "side": "buy", "price": 0.44378696412940616, "size": 22.533332, "outcome": "down", "asset": "91551841132938827379735447426925244678932765337862052620521901819857849985892", "transaction_hash": "0x693ef06e253efb4a05bb4b4791830a6fdcce8a434c19ff9dac9a9ac4401d3db1", "source": "polymarket"}
{"timestamp_utc": "2026-03-26T16:40:13Z", "market_key": "SOL5M_2026-03-26T16:45:00Z", "condition_id": "0xf5de02b344f53038d40c70f70f938546b0ca33d5ae512f24dd17ebac61b2ede6", "trade_id": "0xcbcfa2b1fb6bd35b6b02ccf2433e520defdf6fd7125383fbcfbbc3d972a32be5:101735403989728663080684552488232187187086330994367144668038028688125517594936:1774543213", "side": "buy", "price": 0.5647706267344476, "size": 9.561402, "outcome": "up", "asset": "101735403989728663080684552488232187187086330994367144668038028688125517594936", "transaction_hash": "0xcbcfa2b1fb6bd35b6b02ccf2433e520defdf6fd7125383fbcfbbc3d972a32be5", "source": "polymarket"}
{"timestamp_utc": "2026-03-26T16:40:13Z", "market_key": "SOL5M_2026-03-26T16:45:00Z", "condition_id": "0xf5de02b344f53038d40c70f70f938546b0ca33d5ae512f24dd17ebac61b2ede6", "trade_id": "0xa2320a30a00d058e6e6110f6d8b9c135f4cf0c1e6f295ca949b2501a0def4b0b:91551841132938827379735447426925244678932765337862052620521901819857849985892:1774543213", "side": "buy", "price": 0.44, "size": 5.0, "outcome": "down", "asset": "91551841132938827379735447426925244678932765337862052620521901819857849985892", "transaction_hash": "0xa2320a30a00d058e6e6110f6d8b9c135f4cf0c1e6f295ca949b2501a0def4b0b", "source": "polymarket"}
{"timestamp_utc": "2026-03-26T16:40:13Z", "market_key": "SOL5M_2026-03-26T16:45:00Z", "condition_id": "0xf5de02b344f53038d40c70f70f938546b0ca33d5ae512f24dd17ebac61b2ede6", "trade_id": "0x77c41bdd49ff489b6757595a7c8f8592246635ccb899c3ee1753e89e02d1b18e:101735403989728663080684552488232187187086330994367144668038028688125517594936:1774543213", "side": "buy", "price": 0.5746788981062199, "size": 9.39655, "outcome": "up", "asset": "101735403989728663080684552488232187187086330994367144668038028688125517594936", "transaction_hash": "0x77c41bdd49ff489b6757595a7c8f8592246635ccb899c3ee1753e89e02d1b18e", "source": "polymarket"}
{"timestamp_utc": "2026-03-26T16:40:13Z", "market_key": "SOL5M_2026-03-26T16:45:00Z", "condition_id": "0xf5de02b344f53038d40c70f70f938546b0ca33d5ae512f24dd17ebac61b2ede6", "trade_id": "0xeed6c83f3710732b8b1e137753f1557fc524210687225ab415b53016090cd3d3:91551841132938827379735447426925244678932765337862052620521901819857849985892:1774543213", "side": "buy", "price": 0.43, "size": 5.0, "outcome": "down", "asset": "91551841132938827379735447426925244678932765337862052620521901819857849985892", "transaction_hash": "0xeed6c83f3710732b8b1e137753f1557fc524210687225ab415b53016090cd3d3", "source": "polymarket"}
{"timestamp_utc": "2026-03-26T16:40:15Z", "market_key": "SOL5M_2026-03-26T16:45:00Z", "condition_id": "0xf5de02b344f53038d40c70f70f938546b0ca33d5ae512f24dd17ebac61b2ede6", "trade_id": "0x98c818b5db74110a98fd54527cf6376191e5390d673ec78b8fc99c9b8e6c89fb:91551841132938827379735447426925244678932765337862052620521901819857849985892:1774543215", "side": "buy", "price": 0.44, "size": 3.0, "outcome": "down", "asset": "91551841132938827379735447426925244678932765337862052620521901819857849985892", "transaction_hash": "0x98c818b5db74110a98fd54527cf6376191e5390d673ec78b8fc99c9b8e6c89fb", "source": "polymarket"}
{"timestamp_utc": "2026-03-26T16:40:15Z", "market_key": "SOL5M_2026-03-26T16:45:00Z", "condition_id": "0xf5de02b344f53038d40c70f70f938546b0ca33d5ae512f24dd17ebac61b2ede6", "trade_id": "0xb73276d4d7c0f165bedb9a53031a8f8f2a0c6a5ff18e95edd07038c29a982477:91551841132938827379735447426925244678932765337862052620521901819857849985892:1774543215", "side": "buy", "price": 0.4699998918999708, "size": 4.255318, "outcome": "down", "asset": "91551841132938827379735447426925244678932765337862052620521901819857849985892", "transaction_hash": "0xb73276d4d7c0f165bedb9a53031a8f8f2a0c6a5ff18e95edd07038c29a982477", "source": "polymarket"}
{"timestamp_utc": "2026-03-26T16:40:15Z", "market_key": "SOL5M_2026-03-26T16:45:00Z", "condition_id": "0xf5de02b344f53038d40c70f70f938546b0ca33d5ae512f24dd17ebac61b2ede6", "trade_id": "0x8edf66a461bee899357fd1e2f9c33ac15fb7265f07ddafb058803ec927c1d66e:91551841132938827379735447426925244678932765337862052620521901819857849985892:1774543215", "side": "buy", "price": 0.45, "size": 5.0, "outcome": "down", "asset": "91551841132938827379735447426925244678932765337862052620521901819857849985892", "transaction_hash": "0x8edf66a461bee899357fd1e2f9c33ac15fb7265f07ddafb058803ec927c1d66e", "source": "polymarket"}
{"timestamp_utc": "2026-03-26T16:40:15Z", "market_key": "SOL5M_2026-03-26T16:45:00Z", "condition_id": "0xf5de02b344f53038d40c70f70f938546b0ca33d5ae512f24dd17ebac61b2ede6", "trade_id": "0xf25982b306e92b3096cd36a5a80dcc9383bb4fca4e8cf48446a65861e1257662:91551841132938827379735447426925244678932765337862052620521901819857849985892:1774543215", "side": "buy", "price": 0.4654965112323049, "size": 24.42553, "outcome": "down", "asset": "91551841132938827379735447426925244678932765337862052620521901819857849985892", "transaction_hash": "0xf25982b306e92b3096cd36a5a80dcc9383bb4fca4e8cf48446a65861e1257662", "source": "polymarket"}
{"timestamp_utc": "2026-03-26T16:40:15Z", "market_key": "SOL5M_2026-03-26T16:45:00Z", "condition_id": "0xf5de02b344f53038d40c70f70f938546b0ca33d5ae512f24dd17ebac61b2ede6", "trade_id": "0x45775666203989b6bbcd7ad7e3f5ddef8f3e8d29b3810c5a9e8797326bbac9f6:91551841132938827379735447426925244678932765337862052620521901819857849985892:1774543215", "side": "buy", "price": 0.46, "size": 56.0, "outcome": "down", "asset": "91551841132938827379735447426925244678932765337862052620521901819857849985892", "transaction_hash": "0x45775666203989b6bbcd7ad7e3f5ddef8f3e8d29b3810c5a9e8797326bbac9f6", "source": "polymarket"}
{"timestamp_utc": "2026-03-26T16:40:15Z", "market_key": "SOL5M_2026-03-26T16:45:00Z", "condition_id": "0xf5de02b344f53038d40c70f70f938546b0ca33d5ae512f24dd17ebac61b2ede6", "trade_id": "0x2b87ca9ea0f5db9b6bd8f336d9383f6b3b6186656195bed4335c673e8050908f:91551841132938827379735447426925244678932765337862052620521901819857849985892:1774543215", "side": "buy", "price": 0.44, "size": 4.72, "outcome": "down", "asset": "91551841132938827379735447426925244678932765337862052620521901819857849985892", "transaction_hash": "0x2b87ca9ea0f5db9b6bd8f336d9383f6b3b6186656195bed4335c673e8050908f", "source": "polymarket"}
{"timestamp_utc": "2026-03-26T16:40:15Z", "market_key": "SOL5M_2026-03-26T16:45:00Z", "condition_id": "0xf5de02b344f53038d40c70f70f938546b0ca33d5ae512f24dd17ebac61b2ede6", "trade_id": "0x52aa9de9f72b44f28d0aa775fcc1fde4c19f58eb799bda0bc39db816bbe53207:101735403989728663080684552488232187187086330994367144668038028688125517594936:1774543215", "side": "buy", "price": 0.5699999672777736, "size": 9.473683, "outcome": "up", "asset": "101735403989728663080684552488232187187086330994367144668038028688125517594936", "transaction_hash": "0x52aa9de9f72b44f28d0aa775fcc1fde4c19f58eb799bda0bc39db816bbe53207", "source": "polymarket"}
{"timestamp_utc": "2026-03-26T16:40:17Z", "market_key": "SOL5M_2026-03-26T16:45:00Z", "condition_id": "0xf5de02b344f53038d40c70f70f938546b0ca33d5ae512f24dd17ebac61b2ede6", "trade_id": "0xf1c19ef522d3bc3f13ae93752bb1801d18fdedaa53bd1d971f229b9bd80d705e:91551841132938827379735447426925244678932765337862052620521901819857849985892:1774543217", "side": "buy", "price": 0.49, "size": 4.75, "outcome": "down", "asset": "91551841132938827379735447426925244678932765337862052620521901819857849985892", "transaction_hash": "0xf1c19ef522d3bc3f13ae93752bb1801d18fdedaa53bd1d971f229b9bd80d705e", "source": "polymarket"}
{"timestamp_utc": "2026-03-26T16:40:17Z", "market_key": "SOL5M_2026-03-26T16:45:00Z", "condition_id": "0xf5de02b344f53038d40c70f70f938546b0ca33d5ae512f24dd17ebac61b2ede6", "trade_id": "0x170f0186251118b57aa6b0893830cf4391933e7e43cbe5dd22fa39835f2f9fd4:91551841132938827379735447426925244678932765337862052620521901819857849985892:1774543217", "side": "buy", "price": 0.48999982849988855, "size": 2.040815, "outcome": "down", "asset": "91551841132938827379735447426925244678932765337862052620521901819857849985892", "transaction_hash": "0x170f0186251118b57aa6b0893830cf4391933e7e43cbe5dd22fa39835f2f9fd4", "source": "polymarket"}
{"timestamp_utc": "2026-03-26T16:40:17Z", "market_key": "SOL5M_2026-03-26T16:45:00Z", "condition_id": "0xf5de02b344f53038d40c70f70f938546b0ca33d5ae512f24dd17ebac61b2ede6", "trade_id": "0x3e7cba6ab6e7d621757bedeec46e63ccf1886eb7d639b6c21cb1d7b8610a1f16:101735403989728663080684552488232187187086330994367144668038028688125517594936:1774543217", "side": "buy", "price": 0.52, "size": 5.0, "outcome": "up", "asset": "101735403989728663080684552488232187187086330994367144668038028688125517594936", "transaction_hash": "0x3e7cba6ab6e7d621757bedeec46e63ccf1886eb7d639b6c21cb1d7b8610a1f16", "source": "polymarket"}
{"timestamp_utc": "2026-03-26T16:40:17Z", "market_key": "SOL5M_2026-03-26T16:45:00Z", "condition_id": "0xf5de02b344f53038d40c70f70f938546b0ca33d5ae512f24dd17ebac61b2ede6", "trade_id": "0x363fe2425bcd0eaac8dc9ed83780f41718a0491d1c09fcd2cadc3e9c65002680:101735403989728663080684552488232187187086330994367144668038028688125517594936:1774543217", "side": "buy", "price": 0.51, "size": 5.0, "outcome": "up", "asset": "101735403989728663080684552488232187187086330994367144668038028688125517594936", "transaction_hash": "0x363fe2425bcd0eaac8dc9ed83780f41718a0491d1c09fcd2cadc3e9c65002680", "source": "polymarket"}
{"timestamp_utc": "2026-03-26T16:40:17Z", "market_key": "SOL5M_2026-03-26T16:45:00Z", "condition_id": "0xf5de02b344f53038d40c70f70f938546b0ca33d5ae512f24dd17ebac61b2ede6", "trade_id": "0xead0909e9b54261179c7c1f5f97cf0f5977293fe3cc41a313a371a25b29102cd:91551841132938827379735447426925244678932765337862052620521901819857849985892:1774543217", "side": "buy", "price": 0.5, "size": 141.8, "outcome": "down", "asset": "91551841132938827379735447426925244678932765337862052620521901819857849985892", "transaction_hash": "0xead0909e9b54261179c7c1f5f97cf0f5977293fe3cc41a313a371a25b29102cd", "source": "polymarket"}
{"timestamp_utc": "2026-03-26T16:40:17Z", "market_key": "SOL5M_2026-03-26T16:45:00Z", "condition_id": "0xf5de02b344f53038d40c70f70f938546b0ca33d5ae512f24dd17ebac61b2ede6", "trade_id": "0xaf2e684d0d23e132f6398d7e8a372054e388545614d9a566f447b3af94ee543f:101735403989728663080684552488232187187086330994367144668038028688125517594936:1774543217", "side": "sell", "price": 0.5, "size": 0.48, "outcome": "up", "asset": "101735403989728663080684552488232187187086330994367144668038028688125517594936", "transaction_hash": "0xaf2e684d0d23e132f6398d7e8a372054e388545614d9a566f447b3af94ee543f", "source": "polymarket"}
{"timestamp_utc": "2026-03-26T16:40:17Z", "market_key": "SOL5M_2026-03-26T16:45:00Z", "condition_id": "0xf5de02b344f53038d40c70f70f938546b0ca33d5ae512f24dd17ebac61b2ede6", "trade_id": "0xd9a64222548c3fd139b652eeaba880cdebcd875e3d89dc74fc03b412fd0d446f:91551841132938827379735447426925244678932765337862052620521901819857849985892:1774543217", "side": "buy", "price": 0.5, "size": 125.61, "outcome": "down", "asset": "91551841132938827379735447426925244678932765337862052620521901819857849985892", "transaction_hash": "0xd9a64222548c3fd139b652eeaba880cdebcd875e3d89dc74fc03b412fd0d446f", "source": "polymarket"}
{"timestamp_utc": "2026-03-26T16:40:17Z", "market_key": "SOL5M_2026-03-26T16:45:00Z", "condition_id": "0xf5de02b344f53038d40c70f70f938546b0ca33d5ae512f24dd17ebac61b2ede6", "trade_id": "0xaa295d3b831fb732efbdde3ee3c22dfa38b91575bdbc5def08fc121666b17355:101735403989728663080684552488232187187086330994367144668038028688125517594936:1774543217", "side": "buy", "price": 0.54, "size": 7.05, "outcome": "up", "asset": "101735403989728663080684552488232187187086330994367144668038028688125517594936", "transaction_hash": "0xaa295d3b831fb732efbdde3ee3c22dfa38b91575bdbc5def08fc121666b17355", "source": "polymarket"}
{"timestamp_utc": "2026-03-26T16:40:17Z", "market_key": "SOL5M_2026-03-26T16:45:00Z", "condition_id": "0xf5de02b344f53038d40c70f70f938546b0ca33d5ae512f24dd17ebac61b2ede6", "trade_id": "0xff521acbd7a5d1ca4609747742aa1b9e880143068f5033bcead11897c9edc24a:91551841132938827379735447426925244678932765337862052620521901819857849985892:1774543217", "side": "buy", "price": 0.5, "size": 14.04, "outcome": "down", "asset": "91551841132938827379735447426925244678932765337862052620521901819857849985892", "transaction_hash": "0xff521acbd7a5d1ca4609747742aa1b9e880143068f5033bcead11897c9edc24a", "source": "polymarket"}
{"timestamp_utc": "2026-03-26T16:40:17Z", "market_key": "SOL5M_2026-03-26T16:45:00Z", "condition_id": "0xf5de02b344f53038d40c70f70f938546b0ca33d5ae512f24dd17ebac61b2ede6", "trade_id": "0x748e6334924978501052411146e9e09688dd99a721f72f058ba7ed4dd24c0f17:91551841132938827379735447426925244678932765337862052620521901819857849985892:1774543217", "side": "buy", "price": 0.5, "size": 57.0, "outcome": "down", "asset": "91551841132938827379735447426925244678932765337862052620521901819857849985892", "transaction_hash": "0x748e6334924978501052411146e9e09688dd99a721f72f058ba7ed4dd24c0f17", "source": "polymarket"}
{"timestamp_utc": "2026-03-26T16:40:17Z", "market_key": "SOL5M_2026-03-26T16:45:00Z", "condition_id": "0xf5de02b344f53038d40c70f70f938546b0ca33d5ae512f24dd17ebac61b2ede6", "trade_id": "0x412815863f61a73c0c19b57762c902d41fde209e3854c90515d418aa1fcce29e:91551841132938827379735447426925244678932765337862052620521901819857849985892:1774543217", "side": "buy", "price": 0.476881490965998, "size": 8.78625, "outcome": "down", "asset": "91551841132938827379735447426925244678932765337862052620521901819857849985892", "transaction_hash": "0x412815863f61a73c0c19b57762c902d41fde209e3854c90515d418aa1fcce29e", "source": "polymarket"}
{"timestamp_utc": "2026-03-26T16:40:17Z", "market_key": "SOL5M_2026-03-26T16:45:00Z", "condition_id": "0xf5de02b344f53038d40c70f70f938546b0ca33d5ae512f24dd17ebac61b2ede6", "trade_id": "0x5efc6d0faa9afc1e2ec0caca343ab03aa2c87fa09898be4bb6899b0782c3dee4:101735403989728663080684552488232187187086330994367144668038028688125517594936:1774543217", "side": "sell", "price": 0.5, "size": 15.07, "outcome": "up", "asset": "101735403989728663080684552488232187187086330994367144668038028688125517594936", "transaction_hash": "0x5efc6d0faa9afc1e2ec0caca343ab03aa2c87fa09898be4bb6899b0782c3dee4", "source": "polymarket"}
{"timestamp_utc": "2026-03-26T16:40:19Z", "market_key": "SOL5M_2026-03-26T16:45:00Z", "condition_id": "0xf5de02b344f53038d40c70f70f938546b0ca33d5ae512f24dd17ebac61b2ede6", "trade_id": "0xa77d1f5655e5941eba3597d444821036b91543f8c9e115d25a106e3366e2a483:101735403989728663080684552488232187187086330994367144668038028688125517594936:1774543219", "side": "buy", "price": 0.5933068008157693, "size": 150.360653, "outcome": "up", "asset": "101735403989728663080684552488232187187086330994367144668038028688125517594936", "transaction_hash": "0xa77d1f5655e5941eba3597d444821036b91543f8c9e115d25a106e3366e2a483", "source": "polymarket"}
{"timestamp_utc": "2026-03-26T16:40:19Z", "market_key": "SOL5M_2026-03-26T16:45:00Z", "condition_id": "0xf5de02b344f53038d40c70f70f938546b0ca33d5ae512f24dd17ebac61b2ede6", "trade_id": "0x09cba75f4a74ee6be66f3079a00f15557601566e9e91878ce9403c8aa2999395:101735403989728663080684552488232187187086330994367144668038028688125517594936:1774543219", "side": "buy", "price": 0.5799999560605983, "size": 6.827585, "outcome": "up", "asset": "101735403989728663080684552488232187187086330994367144668038028688125517594936", "transaction_hash": "0x09cba75f4a74ee6be66f3079a00f15557601566e9e91878ce9403c8aa2999395", "source": "polymarket"}
{"timestamp_utc": "2026-03-26T16:40:19Z", "market_key": "SOL5M_2026-03-26T16:45:00Z", "condition_id": "0xf5de02b344f53038d40c70f70f938546b0ca33d5ae512f24dd17ebac61b2ede6", "trade_id": "0x892b3d8253b275a9426ba2661644e05d6ac277a8ba8ca271dcee97fd5160c1a8:91551841132938827379735447426925244678932765337862052620521901819857849985892:1774543219", "side": "sell", "price": 0.42, "size": 2.03, "outcome": "down", "asset": "91551841132938827379735447426925244678932765337862052620521901819857849985892", "transaction_hash": "0x892b3d8253b275a9426ba2661644e05d6ac277a8ba8ca271dcee97fd5160c1a8", "source": "polymarket"}
{"timestamp_utc": "2026-03-26T16:40:19Z", "market_key": "SOL5M_2026-03-26T16:45:00Z", "condition_id": "0xf5de02b344f53038d40c70f70f938546b0ca33d5ae512f24dd17ebac61b2ede6", "trade_id": "0xdc85e2f2c8ed58fa37527c754d2fd6c804a2c5a90f1e9fcc1fdff7b9a3c9ca5b:101735403989728663080684552488232187187086330994367144668038028688125517594936:1774543219", "side": "buy", "price": 0.52, "size": 9.0, "outcome": "up", "asset": "101735403989728663080684552488232187187086330994367144668038028688125517594936", "transaction_hash": "0xdc85e2f2c8ed58fa37527c754d2fd6c804a2c5a90f1e9fcc1fdff7b9a3c9ca5b", "source": "polymarket"}
{"timestamp_utc": "2026-03-26T16:40:21Z", "market_key": "SOL5M_2026-03-26T16:45:00Z", "condition_id": "0xf5de02b344f53038d40c70f70f938546b0ca33d5ae512f24dd17ebac61b2ede6", "trade_id": "0xb9a0953dc3dbc6e23182dc3d5e52b65ee70eac541a111ff95cb9b6c27ab07d6c:91551841132938827379735447426925244678932765337862052620521901819857849985892:1774543221", "side": "buy", "price": 0.47, "size": 5.0, "outcome": "down", "asset": "91551841132938827379735447426925244678932765337862052620521901819857849985892", "transaction_hash": "0xb9a0953dc3dbc6e23182dc3d5e52b65ee70eac541a111ff95cb9b6c27ab07d6c", "source": "polymarket"}
{"timestamp_utc": "2026-03-26T16:40:21Z", "market_key": "SOL5M_2026-03-26T16:45:00Z", "condition_id": "0xf5de02b344f53038d40c70f70f938546b0ca33d5ae512f24dd17ebac61b2ede6", "trade_id": "0x3bf64ec39241149243fd24d9f3f48497492d5269a2f151741ad8e28f5657e3d4:91551841132938827379735447426925244678932765337862052620521901819857849985892:1774543221", "side": "buy", "price": 0.4499999658351362, "size": 10.244443, "outcome": "down", "asset": "91551841132938827379735447426925244678932765337862052620521901819857849985892", "transaction_hash": "0x3bf64ec39241149243fd24d9f3f48497492d5269a2f151741ad8e28f5657e3d4", "source": "polymarket"}
{"timestamp_utc": "2026-03-26T16:40:21Z", "market_key": "SOL5M_2026-03-26T16:45:00Z", "condition_id": "0xf5de02b344f53038d40c70f70f938546b0ca33d5ae512f24dd17ebac61b2ede6", "trade_id": "0xf8afd0b0e8c11f0487a443ca2f99ba132e5b283f740e8e0d21355154c2c198ce:91551841132938827379735447426925244678932765337862052620521901819857849985892:1774543221", "side": "buy", "price": 0.45, "size": 4.75, "outcome": "down", "asset": "91551841132938827379735447426925244678932765337862052620521901819857849985892", "transaction_hash": "0xf8afd0b0e8c11f0487a443ca2f99ba132e5b283f740e8e0d21355154c2c198ce", "source": "polymarket"}
{"timestamp_utc": "2026-03-26T16:40:21Z", "market_key": "SOL5M_2026-03-26T16:45:00Z", "condition_id": "0xf5de02b344f53038d40c70f70f938546b0ca33d5ae512f24dd17ebac61b2ede6", "trade_id": "0xa913a99abd4a131b982c3d3f0f9883d83f18c2e624e6ce73db1efcb8f8ea9261:91551841132938827379735447426925244678932765337862052620521901819857849985892:1774543221", "side": "buy", "price": 0.45, "size": 15.0, "outcome": "down", "asset": "91551841132938827379735447426925244678932765337862052620521901819857849985892", "transaction_hash": "0xa913a99abd4a131b982c3d3f0f9883d83f18c2e624e6ce73db1efcb8f8ea9261", "source": "polymarket"}
{"timestamp_utc": "2026-03-26T16:40:21Z", "market_key": "SOL5M_2026-03-26T16:45:00Z", "condition_id": "0xf5de02b344f53038d40c70f70f938546b0ca33d5ae512f24dd17ebac61b2ede6", "trade_id": "0x7f064d484eeaf3d7e066588058b735781e2b9d11bc3e7db58066cbb98ac6a770:91551841132938827379735447426925244678932765337862052620521901819857849985892:1774543221", "side": "sell", "price": 0.44, "size": 1.73, "outcome": "down", "asset": "91551841132938827379735447426925244678932765337862052620521901819857849985892", "transaction_hash": "0x7f064d484eeaf3d7e066588058b735781e2b9d11bc3e7db58066cbb98ac6a770", "source": "polymarket"}
{"timestamp_utc": "2026-03-26T16:40:21Z", "market_key": "SOL5M_2026-03-26T16:45:00Z", "condition_id": "0xf5de02b344f53038d40c70f70f938546b0ca33d5ae512f24dd17ebac61b2ede6", "trade_id": "0x5e8f8e94c5d4527e3b0738a2ff6f08286de793a60c3181bccf2d6b5190aafb1f:91551841132938827379735447426925244678932765337862052620521901819857849985892:1774543221", "side": "buy", "price": 0.4326450166752222, "size": 23.113635, "outcome": "down", "asset": "91551841132938827379735447426925244678932765337862052620521901819857849985892", "transaction_hash": "0x5e8f8e94c5d4527e3b0738a2ff6f08286de793a60c3181bccf2d6b5190aafb1f", "source": "polymarket"}
{"timestamp_utc": "2026-03-26T16:40:21Z", "market_key": "SOL5M_2026-03-26T16:45:00Z", "condition_id": "0xf5de02b344f53038d40c70f70f938546b0ca33d5ae512f24dd17ebac61b2ede6", "trade_id": "0x54e0ff07e93a323bc5b39c10a1e65770523acf95d383673dd1d1ce1cc73e2edd:101735403989728663080684552488232187187086330994367144668038028688125517594936:1774543221", "side": "buy", "price": 0.57, "size": 5.0, "outcome": "up", "asset": "101735403989728663080684552488232187187086330994367144668038028688125517594936", "transaction_hash": "0x54e0ff07e93a323bc5b39c10a1e65770523acf95d383673dd1d1ce1cc73e2edd", "source": "polymarket"}
{"timestamp_utc": "2026-03-26T16:40:21Z", "market_key": "SOL5M_2026-03-26T16:45:00Z", "condition_id": "0xf5de02b344f53038d40c70f70f938546b0ca33d5ae512f24dd17ebac61b2ede6", "trade_id": "0x7e29c2f98452e43510a27fe5fdde2f402ff66ea4a55453db6476f49ed036d5b1:101735403989728663080684552488232187187086330994367144668038028688125517594936:1774543221", "side": "buy", "price": 0.5799999852417294, "size": 20.327585, "outcome": "up", "asset": "101735403989728663080684552488232187187086330994367144668038028688125517594936", "transaction_hash": "0x7e29c2f98452e43510a27fe5fdde2f402ff66ea4a55453db6476f49ed036d5b1", "source": "polymarket"}
{"timestamp_utc": "2026-03-26T16:40:23Z", "market_key": "SOL5M_2026-03-26T16:45:00Z", "condition_id": "0xf5de02b344f53038d40c70f70f938546b0ca33d5ae512f24dd17ebac61b2ede6", "trade_id": "0x06960a983cf7157ac31feeeec65d1071c8ec621de76506e702d4fd9b9cbd7734:91551841132938827379735447426925244678932765337862052620521901819857849985892:1774543223", "side": "buy", "price": 0.4699999773245575, "size": 9.702126, "outcome": "down", "asset": "91551841132938827379735447426925244678932765337862052620521901819857849985892", "transaction_hash": "0x06960a983cf7157ac31feeeec65d1071c8ec621de76506e702d4fd9b9cbd7734", "source": "polymarket"}
{"timestamp_utc": "2026-03-26T16:40:23Z", "market_key": "SOL5M_2026-03-26T16:45:00Z", "condition_id": "0xf5de02b344f53038d40c70f70f938546b0ca33d5ae512f24dd17ebac61b2ede6", "trade_id": "0x0b8855fa755e6b2817fd6bdd206641b46ac49a51a6641413964f378ced800545:91551841132938827379735447426925244678932765337862052620521901819857849985892:1774543223", "side": "buy", "price": 0.6314085267134377, "size": 129.71, "outcome": "down", "asset": "91551841132938827379735447426925244678932765337862052620521901819857849985892", "transaction_hash": "0x0b8855fa755e6b2817fd6bdd206641b46ac49a51a6641413964f378ced800545", "source": "polymarket"}
{"timestamp_utc": "2026-03-26T16:40:23Z", "market_key": "SOL5M_2026-03-26T16:45:00Z", "condition_id": "0xf5de02b344f53038d40c70f70f938546b0ca33d5ae512f24dd17ebac61b2ede6", "trade_id": "0xd904275f5e90b77e89420e28d4fbd0fcb40fee30de1840413e49e8b3694a84b5:91551841132938827379735447426925244678932765337862052620521901819857849985892:1774543223", "side": "buy", "price": 0.6199999906060599, "size": 38.322578, "outcome": "down", "asset": "91551841132938827379735447426925244678932765337862052620521901819857849985892", "transaction_hash": "0xd904275f5e90b77e89420e28d4fbd0fcb40fee30de1840413e49e8b3694a84b5", "source": "polymarket"}
{"timestamp_utc": "2026-03-26T16:40:23Z", "market_key": "SOL5M_2026-03-26T16:45:00Z", "condition_id": "0xf5de02b344f53038d40c70f70f938546b0ca33d5ae512f24dd17ebac61b2ede6", "trade_id": "0x25ce6a1fca514408e023f5169ea703bbda45351746815bc237141f71565d2a98:91551841132938827379735447426925244678932765337862052620521901819857849985892:1774543223", "side": "buy", "price": 0.64, "size": 11.32, "outcome": "down", "asset": "91551841132938827379735447426925244678932765337862052620521901819857849985892", "transaction_hash": "0x25ce6a1fca514408e023f5169ea703bbda45351746815bc237141f71565d2a98", "source": "polymarket"}
{"timestamp_utc": "2026-03-26T16:40:23Z", "market_key": "SOL5M_2026-03-26T16:45:00Z", "condition_id": "0xf5de02b344f53038d40c70f70f938546b0ca33d5ae512f24dd17ebac61b2ede6", "trade_id": "0xc294634de157cfd64b984ac89908c7c25cd18e939af89239cef3fed4e42dc5ac:91551841132938827379735447426925244678932765337862052620521901819857849985892:1774543223", "side": "sell", "price": 0.6, "size": 0.4, "outcome": "down", "asset": "91551841132938827379735447426925244678932765337862052620521901819857849985892", "transaction_hash": "0xc294634de157cfd64b984ac89908c7c25cd18e939af89239cef3fed4e42dc5ac", "source": "polymarket"}
{"timestamp_utc": "2026-03-26T16:40:23Z", "market_key": "SOL5M_2026-03-26T16:45:00Z", "condition_id": "0xf5de02b344f53038d40c70f70f938546b0ca33d5ae512f24dd17ebac61b2ede6", "trade_id": "0x05789857bddb2c312fe653bb11c8067e333e05e829a5237606a933a8fc5130ca:101735403989728663080684552488232187187086330994367144668038028688125517594936:1774543223", "side": "sell", "price": 0.37237, "size": 20.0, "outcome": "up", "asset": "101735403989728663080684552488232187187086330994367144668038028688125517594936", "transaction_hash": "0x05789857bddb2c312fe653bb11c8067e333e05e829a5237606a933a8fc5130ca", "source": "polymarket"}
{"timestamp_utc": "2026-03-26T16:40:23Z", "market_key": "SOL5M_2026-03-26T16:45:00Z", "condition_id": "0xf5de02b344f53038d40c70f70f938546b0ca33d5ae512f24dd17ebac61b2ede6", "trade_id": "0x4660e958dce8b45c8f497d12cb12484841c5662fc3498cc1193b36f653a90b56:91551841132938827379735447426925244678932765337862052620521901819857849985892:1774543223", "side": "buy", "price": 0.6050832786885246, "size": 119.140625, "outcome": "down", "asset": "91551841132938827379735447426925244678932765337862052620521901819857849985892", "transaction_hash": "0x4660e958dce8b45c8f497d12cb12484841c5662fc3498cc1193b36f653a90b56", "source": "polymarket"}
{"timestamp_utc": "2026-03-26T16:40:23Z", "market_key": "SOL5M_2026-03-26T16:45:00Z", "condition_id": "0xf5de02b344f53038d40c70f70f938546b0ca33d5ae512f24dd17ebac61b2ede6", "trade_id": "0x012cfc112b1c6963acac7edaa861911dc3cf67a497a4b194ad3aa0cf18c46fcf:91551841132938827379735447426925244678932765337862052620521901819857849985892:1774543223", "side": "buy", "price": 0.6102105202102486, "size": 12.258063, "outcome": "down", "asset": "91551841132938827379735447426925244678932765337862052620521901819857849985892", "transaction_hash": "0x012cfc112b1c6963acac7edaa861911dc3cf67a497a4b194ad3aa0cf18c46fcf", "source": "polymarket"}
{"timestamp_utc": "2026-03-26T16:40:23Z", "market_key": "SOL5M_2026-03-26T16:45:00Z", "condition_id": "0xf5de02b344f53038d40c70f70f938546b0ca33d5ae512f24dd17ebac61b2ede6", "trade_id": "0xb6a31676651d9e370623f9c6487b23b482a6e8fc29030ad88f059755ceece47a:101735403989728663080684552488232187187086330994367144668038028688125517594936:1774543223", "side": "buy", "price": 0.38222222222222224, "size": 18.0, "outcome": "up", "asset": "101735403989728663080684552488232187187086330994367144668038028688125517594936", "transaction_hash": "0xb6a31676651d9e370623f9c6487b23b482a6e8fc29030ad88f059755ceece47a", "source": "polymarket"}
{"timestamp_utc": "2026-03-26T16:40:23Z", "market_key": "SOL5M_2026-03-26T16:45:00Z", "condition_id": "0xf5de02b344f53038d40c70f70f938546b0ca33d5ae512f24dd17ebac61b2ede6", "trade_id": "0x1f8f44dffcb8665e28b0b8d810ead0d5dd4972b2f608f6c5b8ec957f67a219a8:101735403989728663080684552488232187187086330994367144668038028688125517594936:1774543223", "side": "buy", "price": 0.3990498812351544, "size": 10.525, "outcome": "up", "asset": "101735403989728663080684552488232187187086330994367144668038028688125517594936", "transaction_hash": "0x1f8f44dffcb8665e28b0b8d810ead0d5dd4972b2f608f6c5b8ec957f67a219a8", "source": "polymarket"}
{"timestamp_utc": "2026-03-26T16:40:23Z", "market_key": "SOL5M_2026-03-26T16:45:00Z", "condition_id": "0xf5de02b344f53038d40c70f70f938546b0ca33d5ae512f24dd17ebac61b2ede6", "trade_id": "0xfe06af13b6a23a661befac0b2f5fee3bc781b42c57b385b989757311ea3aa712:91551841132938827379735447426925244678932765337862052620521901819857849985892:1774543223", "side": "buy", "price": 0.629999991223879, "size": 15.952378, "outcome": "down", "asset": "91551841132938827379735447426925244678932765337862052620521901819857849985892", "transaction_hash": "0xfe06af13b6a23a661befac0b2f5fee3bc781b42c57b385b989757311ea3aa712", "source": "polymarket"}
{"timestamp_utc": "2026-03-26T16:40:23Z", "market_key": "SOL5M_2026-03-26T16:45:00Z", "condition_id": "0xf5de02b344f53038d40c70f70f938546b0ca33d5ae512f24dd17ebac61b2ede6", "trade_id": "0x956ad26e5ffb43f2ccf4072575ca413f7e4af00256359a3bfac387bb098c415c:101735403989728663080684552488232187187086330994367144668038028688125517594936:1774543223", "side": "buy", "price": 0.38, "size": 15.0, "outcome": "up", "asset": "101735403989728663080684552488232187187086330994367144668038028688125517594936", "transaction_hash": "0x956ad26e5ffb43f2ccf4072575ca413f7e4af00256359a3bfac387bb098c415c", "source": "polymarket"}
{"timestamp_utc": "2026-03-26T16:40:23Z", "market_key": "SOL5M_2026-03-26T16:45:00Z", "condition_id": "0xf5de02b344f53038d40c70f70f938546b0ca33d5ae512f24dd17ebac61b2ede6", "trade_id": "0xb321a42c7c560aad6940ff401909c4fca7741fca0144080eab8e3301f8eb36e9:101735403989728663080684552488232187187086330994367144668038028688125517594936:1774543223", "side": "buy", "price": 0.39, "size": 15.0, "outcome": "up", "asset": "101735403989728663080684552488232187187086330994367144668038028688125517594936", "transaction_hash": "0xb321a42c7c560aad6940ff401909c4fca7741fca0144080eab8e3301f8eb36e9", "source": "polymarket"}
{"timestamp_utc": "2026-03-26T16:40:23Z", "market_key": "SOL5M_2026-03-26T16:45:00Z", "condition_id": "0xf5de02b344f53038d40c70f70f938546b0ca33d5ae512f24dd17ebac61b2ede6", "trade_id": "0xb1a7535817a66ad4ceb7ca1666842e1b9a325fedf4991ba62fb3b22ecf7add7c:101735403989728663080684552488232187187086330994367144668038028688125517594936:1774543223", "side": "buy", "price": 0.39, "size": 18.0, "outcome": "up", "asset": "101735403989728663080684552488232187187086330994367144668038028688125517594936", "transaction_hash": "0xb1a7535817a66ad4ceb7ca1666842e1b9a325fedf4991ba62fb3b22ecf7add7c", "source": "polymarket"}
{"timestamp_utc": "2026-03-26T16:40:23Z", "market_key": "SOL5M_2026-03-26T16:45:00Z", "condition_id": "0xf5de02b344f53038d40c70f70f938546b0ca33d5ae512f24dd17ebac61b2ede6", "trade_id": "0xed7bf8d83daa33e505f3b420b22c01ac9dc816653d94005028800b757cedf254:101735403989728663080684552488232187187086330994367144668038028688125517594936:1774543223", "side": "buy", "price": 0.39, "size": 15.0, "outcome": "up", "asset": "101735403989728663080684552488232187187086330994367144668038028688125517594936", "transaction_hash": "0xed7bf8d83daa33e505f3b420b22c01ac9dc816653d94005028800b757cedf254", "source": "polymarket"}
{"timestamp_utc": "2026-03-26T16:40:23Z", "market_key": "SOL5M_2026-03-26T16:45:00Z", "condition_id": "0xf5de02b344f53038d40c70f70f938546b0ca33d5ae512f24dd17ebac61b2ede6", "trade_id": "0x6308ceb92b44f04401262cbf9d471e23912c4c95e0125ee3b52f60745acde5e9:101735403989728663080684552488232187187086330994367144668038028688125517594936:1774543223", "side": "buy", "price": 0.39, "size": 30.0, "outcome": "up", "asset": "101735403989728663080684552488232187187086330994367144668038028688125517594936", "transaction_hash": "0x6308ceb92b44f04401262cbf9d471e23912c4c95e0125ee3b52f60745acde5e9", "source": "polymarket"}
{"timestamp_utc": "2026-03-26T16:40:23Z", "market_key": "SOL5M_2026-03-26T16:45:00Z", "condition_id": "0xf5de02b344f53038d40c70f70f938546b0ca33d5ae512f24dd17ebac61b2ede6", "trade_id": "0x1a436a646584d3e720aca1a3dc7828c8946128add42c0e0705447c8eda1769c9:91551841132938827379735447426925244678932765337862052620521901819857849985892:1774543223", "side": "buy", "price": 0.62, "size": 19.0, "outcome": "down", "asset": "91551841132938827379735447426925244678932765337862052620521901819857849985892", "transaction_hash": "0x1a436a646584d3e720aca1a3dc7828c8946128add42c0e0705447c8eda1769c9", "source": "polymarket"}
{"timestamp_utc": "2026-03-26T16:40:23Z", "market_key": "SOL5M_2026-03-26T16:45:00Z", "condition_id": "0xf5de02b344f53038d40c70f70f938546b0ca33d5ae512f24dd17ebac61b2ede6", "trade_id": "0xf5c62de5dd38f23e158e0e0d4a2ef22b54aab6074322386defb6ccdccec4c2bc:101735403989728663080684552488232187187086330994367144668038028688125517594936:1774543223", "side": "buy", "price": 0.38, "size": 18.0, "outcome": "up", "asset": "101735403989728663080684552488232187187086330994367144668038028688125517594936", "transaction_hash": "0xf5c62de5dd38f23e158e0e0d4a2ef22b54aab6074322386defb6ccdccec4c2bc", "source": "polymarket"}
{"timestamp_utc": "2026-03-26T16:40:23Z", "market_key": "SOL5M_2026-03-26T16:45:00Z", "condition_id": "0xf5de02b344f53038d40c70f70f938546b0ca33d5ae512f24dd17ebac61b2ede6", "trade_id": "0x010c2c71910e1d8a1da17471c579fbac4c23abb93bc6a94699784fb773934ba5:91551841132938827379735447426925244678932765337862052620521901819857849985892:1774543223", "side": "buy", "price": 0.6299999761855638, "size": 9.238094, "outcome": "down", "asset": "91551841132938827379735447426925244678932765337862052620521901819857849985892", "transaction_hash": "0x010c2c71910e1d8a1da17471c579fbac4c23abb93bc6a94699784fb773934ba5", "source": "polymarket"}
{"timestamp_utc": "2026-03-26T16:40:23Z", "market_key": "SOL5M_2026-03-26T16:45:00Z", "condition_id": "0xf5de02b344f53038d40c70f70f938546b0ca33d5ae512f24dd17ebac61b2ede6", "trade_id": "0xd3f58ccd7b5893ecf73aa072625f52f874eb800025a0bf889abbd35935480333:91551841132938827379735447426925244678932765337862052620521901819857849985892:1774543223", "side": "buy", "price": 0.6299999567307484, "size": 5.777775, "outcome": "down", "asset": "91551841132938827379735447426925244678932765337862052620521901819857849985892", "transaction_hash": "0xd3f58ccd7b5893ecf73aa072625f52f874eb800025a0bf889abbd35935480333", "source": "polymarket"}
{"timestamp_utc": "2026-03-26T16:40:23Z", "market_key": "SOL5M_2026-03-26T16:45:00Z", "condition_id": "0xf5de02b344f53038d40c70f70f938546b0ca33d5ae512f24dd17ebac61b2ede6", "trade_id": "0x4018295dc4d1c3c5b913453d4aa8b0a3c3b198e1f679700069fb26f20dc21665:91551841132938827379735447426925244678932765337862052620521901819857849985892:1774543223", "side": "buy", "price": 0.6199999906060599, "size": 38.322578, "outcome": "down", "asset": "91551841132938827379735447426925244678932765337862052620521901819857849985892", "transaction_hash": "0x4018295dc4d1c3c5b913453d4aa8b0a3c3b198e1f679700069fb26f20dc21665", "source": "polymarket"}
{"timestamp_utc": "2026-03-26T16:40:23Z", "market_key": "SOL5M_2026-03-26T16:45:00Z", "condition_id": "0xf5de02b344f53038d40c70f70f938546b0ca33d5ae512f24dd17ebac61b2ede6", "trade_id": "0x1defecc3e9578bfe8951b5918ec736430516b06f5333b13949fde877b6a95316:91551841132938827379735447426925244678932765337862052620521901819857849985892:1774543223", "side": "buy", "price": 0.6199998511998869, "size": 1.612902, "outcome": "down", "asset": "91551841132938827379735447426925244678932765337862052620521901819857849985892", "transaction_hash": "0x1defecc3e9578bfe8951b5918ec736430516b06f5333b13949fde877b6a95316", "source": "polymarket"}
{"timestamp_utc": "2026-03-26T16:40:23Z", "market_key": "SOL5M_2026-03-26T16:45:00Z", "condition_id": "0xf5de02b344f53038d40c70f70f938546b0ca33d5ae512f24dd17ebac61b2ede6", "trade_id": "0xa5cc8edc80132157a4ba13f81e10047359376cf5dea9d3578e1d3d25a607a043:91551841132938827379735447426925244678932765337862052620521901819857849985892:1774543223", "side": "buy", "price": 0.62, "size": 7.81, "outcome": "down", "asset": "91551841132938827379735447426925244678932765337862052620521901819857849985892", "transaction_hash": "0xa5cc8edc80132157a4ba13f81e10047359376cf5dea9d3578e1d3d25a607a043", "source": "polymarket"}
{"timestamp_utc": "2026-03-26T16:40:23Z", "market_key": "SOL5M_2026-03-26T16:45:00Z", "condition_id": "0xf5de02b344f53038d40c70f70f938546b0ca33d5ae512f24dd17ebac61b2ede6", "trade_id": "0xd70beaa63bc8a37f560dbd6bf499a0a6d2435a26c656021c45ca32b91a8f1078:91551841132938827379735447426925244678932765337862052620521901819857849985892:1774543223", "side": "buy", "price": 0.6199999561615971, "size": 6.387094, "outcome": "down", "asset": "91551841132938827379735447426925244678932765337862052620521901819857849985892", "transaction_hash": "0xd70beaa63bc8a37f560dbd6bf499a0a6d2435a26c656021c45ca32b91a8f1078", "source": "polymarket"}
{"timestamp_utc": "2026-03-26T16:40:23Z", "market_key": "SOL5M_2026-03-26T16:45:00Z", "condition_id": "0xf5de02b344f53038d40c70f70f938546b0ca33d5ae512f24dd17ebac61b2ede6", "trade_id": "0x2b87fbf6872b9415836b84e3dafa89e03613fd091e7600b39fd3d44d145802f4:91551841132938827379735447426925244678932765337862052620521901819857849985892:1774543223", "side": "buy", "price": 0.6199999962195111, "size": 5.290321, "outcome": "down", "asset": "91551841132938827379735447426925244678932765337862052620521901819857849985892", "transaction_hash": "0x2b87fbf6872b9415836b84e3dafa89e03613fd091e7600b39fd3d44d145802f4", "source": "polymarket"}
{"timestamp_utc": "2026-03-26T16:40:25Z", "market_key": "SOL5M_2026-03-26T16:45:00Z", "condition_id": "0xf5de02b344f53038d40c70f70f938546b0ca33d5ae512f24dd17ebac61b2ede6", "trade_id": "0x93b0e0b59baa0d27059a1f5d3e093be65d98e017d8c0418b52cf2bfd120b896c:91551841132938827379735447426925244678932765337862052620521901819857849985892:1774543225", "side": "buy", "price": 0.6299999784246546, "size": 9.26984, "outcome": "down", "asset": "91551841132938827379735447426925244678932765337862052620521901819857849985892", "transaction_hash": "0x93b0e0b59baa0d27059a1f5d3e093be65d98e017d8c0418b52cf2bfd120b896c", "source": "polymarket"}
{"timestamp_utc": "2026-03-26T16:40:25Z", "market_key": "SOL5M_2026-03-26T16:45:00Z", "condition_id": "0xf5de02b344f53038d40c70f70f938546b0ca33d5ae512f24dd17ebac61b2ede6", "trade_id": "0xd3dbd793590e11b7366b80a4e3fe480cf7fbfda28d39ef67d38cc0c4a2f05254:101735403989728663080684552488232187187086330994367144668038028688125517594936:1774543225", "side": "buy", "price": 0.38333333333333336, "size": 15.0, "outcome": "up", "asset": "101735403989728663080684552488232187187086330994367144668038028688125517594936", "transaction_hash": "0xd3dbd793590e11b7366b80a4e3fe480cf7fbfda28d39ef67d38cc0c4a2f05254", "source": "polymarket"}
{"timestamp_utc": "2026-03-26T16:40:25Z", "market_key": "SOL5M_2026-03-26T16:45:00Z", "condition_id": "0xf5de02b344f53038d40c70f70f938546b0ca33d5ae512f24dd17ebac61b2ede6", "trade_id": "0x61a9dba958df23f0ba7b498d4641cc144e85d3464ff80cc5107ceedb4ae2020b:101735403989728663080684552488232187187086330994367144668038028688125517594936:1774543225", "side": "buy", "price": 0.4, "size": 4.95, "outcome": "up", "asset": "101735403989728663080684552488232187187086330994367144668038028688125517594936", "transaction_hash": "0x61a9dba958df23f0ba7b498d4641cc144e85d3464ff80cc5107ceedb4ae2020b", "source": "polymarket"}
{"timestamp_utc": "2026-03-26T16:40:25Z", "market_key": "SOL5M_2026-03-26T16:45:00Z", "condition_id": "0xf5de02b344f53038d40c70f70f938546b0ca33d5ae512f24dd17ebac61b2ede6", "trade_id": "0xaa2eb934c86b3c1160b5013ccc305fc7a127b2618f03c2ca3adf2c1ad3d1fa27:101735403989728663080684552488232187187086330994367144668038028688125517594936:1774543225", "side": "buy", "price": 0.39, "size": 12.0, "outcome": "up", "asset": "101735403989728663080684552488232187187086330994367144668038028688125517594936", "transaction_hash": "0xaa2eb934c86b3c1160b5013ccc305fc7a127b2618f03c2ca3adf2c1ad3d1fa27", "source": "polymarket"}
{"timestamp_utc": "2026-03-26T16:40:25Z", "market_key": "SOL5M_2026-03-26T16:45:00Z", "condition_id": "0xf5de02b344f53038d40c70f70f938546b0ca33d5ae512f24dd17ebac61b2ede6", "trade_id": "0x6a64be86d9d471f077764e8f00ee316919ac69f16483d40c28f04fde38b8d3eb:101735403989728663080684552488232187187086330994367144668038028688125517594936:1774543225", "side": "buy", "price": 0.39, "size": 18.0, "outcome": "up", "asset": "101735403989728663080684552488232187187086330994367144668038028688125517594936", "transaction_hash": "0x6a64be86d9d471f077764e8f00ee316919ac69f16483d40c28f04fde38b8d3eb", "source": "polymarket"}
{"timestamp_utc": "2026-03-26T16:40:25Z", "market_key": "SOL5M_2026-03-26T16:45:00Z", "condition_id": "0xf5de02b344f53038d40c70f70f938546b0ca33d5ae512f24dd17ebac61b2ede6", "trade_id": "0x5cd0f2bff2abbce0309add9a13c61cdfaf703d74495c030d971aed04e61244fc:91551841132938827379735447426925244678932765337862052620521901819857849985892:1774543225", "side": "buy", "price": 0.6299999486877754, "size": 7.015872, "outcome": "down", "asset": "91551841132938827379735447426925244678932765337862052620521901819857849985892", "transaction_hash": "0x5cd0f2bff2abbce0309add9a13c61cdfaf703d74495c030d971aed04e61244fc", "source": "polymarket"}
{"timestamp_utc": "2026-03-26T16:40:25Z", "market_key": "SOL5M_2026-03-26T16:45:00Z", "condition_id": "0xf5de02b344f53038d40c70f70f938546b0ca33d5ae512f24dd17ebac61b2ede6", "trade_id": "0x4c009956b7e685d6a0193f322cdc73ddbcf4fda85d2f0913f66b002225567db1:101735403989728663080684552488232187187086330994367144668038028688125517594936:1774543225", "side": "buy", "price": 0.4, "size": 15.0, "outcome": "up", "asset": "101735403989728663080684552488232187187086330994367144668038028688125517594936", "transaction_hash": "0x4c009956b7e685d6a0193f322cdc73ddbcf4fda85d2f0913f66b002225567db1", "source": "polymarket"}
{"timestamp_utc": "2026-03-26T16:40:25Z", "market_key": "SOL5M_2026-03-26T16:45:00Z", "condition_id": "0xf5de02b344f53038d40c70f70f938546b0ca33d5ae512f24dd17ebac61b2ede6", "trade_id": "0x2333aaa848a0ec8d0a4e97fa546df1bdd3591cb2e3dd296892c4e62ae1978cf0:101735403989728663080684552488232187187086330994367144668038028688125517594936:1774543225", "side": "buy", "price": 0.38, "size": 15.0, "outcome": "up", "asset": "101735403989728663080684552488232187187086330994367144668038028688125517594936", "transaction_hash": "0x2333aaa848a0ec8d0a4e97fa546df1bdd3591cb2e3dd296892c4e62ae1978cf0", "source": "polymarket"}
{"timestamp_utc": "2026-03-26T16:40:25Z", "market_key": "SOL5M_2026-03-26T16:45:00Z", "condition_id": "0xf5de02b344f53038d40c70f70f938546b0ca33d5ae512f24dd17ebac61b2ede6", "trade_id": "0x93fc9d577fe6ba93882e86493ecac73d5a2ae077c77c55d30a1592861a28dcb8:91551841132938827379735447426925244678932765337862052620521901819857849985892:1774543225", "side": "sell", "price": 0.61, "size": 0.26, "outcome": "down", "asset": "91551841132938827379735447426925244678932765337862052620521901819857849985892", "transaction_hash": "0x93fc9d577fe6ba93882e86493ecac73d5a2ae077c77c55d30a1592861a28dcb8", "source": "polymarket"}
{"timestamp_utc": "2026-03-26T16:40:25Z", "market_key": "SOL5M_2026-03-26T16:45:00Z", "condition_id": "0xf5de02b344f53038d40c70f70f938546b0ca33d5ae512f24dd17ebac61b2ede6", "trade_id": "0x31fa4aeaeb748fd356bbf6093c1bf1ab256ed34a1e84d5bcbf003a3fcc86392a:91551841132938827379735447426925244678932765337862052620521901819857849985892:1774543225", "side": "buy", "price": 0.5820056157240273, "size": 24.93, "outcome": "down", "asset": "91551841132938827379735447426925244678932765337862052620521901819857849985892", "transaction_hash": "0x31fa4aeaeb748fd356bbf6093c1bf1ab256ed34a1e84d5bcbf003a3fcc86392a", "source": "polymarket"}
{"timestamp_utc": "2026-03-26T16:40:25Z", "market_key": "SOL5M_2026-03-26T16:45:00Z", "condition_id": "0xf5de02b344f53038d40c70f70f938546b0ca33d5ae512f24dd17ebac61b2ede6", "trade_id": "0x2997c694abc9f1cd9513a2a27ed46899d65faf2b51d19216aeeb51f95bd9a76e:91551841132938827379735447426925244678932765337862052620521901819857849985892:1774543225", "side": "buy", "price": 0.6, "size": 10.95, "outcome": "down", "asset": "91551841132938827379735447426925244678932765337862052620521901819857849985892", "transaction_hash": "0x2997c694abc9f1cd9513a2a27ed46899d65faf2b51d19216aeeb51f95bd9a76e", "source": "polymarket"}
{"timestamp_utc": "2026-03-26T16:40:25Z", "market_key": "SOL5M_2026-03-26T16:45:00Z", "condition_id": "0xf5de02b344f53038d40c70f70f938546b0ca33d5ae512f24dd17ebac61b2ede6", "trade_id": "0x08e1d31c45e40c3e98e6ae8caf0dea02a1ff57a667c230f59eb705e09709c2bc:91551841132938827379735447426925244678932765337862052620521901819857849985892:1774543225", "side": "buy", "price": 0.589999806908803, "size": 1.864404, "outcome": "down", "asset": "91551841132938827379735447426925244678932765337862052620521901819857849985892", "transaction_hash": "0x08e1d31c45e40c3e98e6ae8caf0dea02a1ff57a667c230f59eb705e09709c2bc", "source": "polymarket"}
{"timestamp_utc": "2026-03-26T16:40:25Z", "market_key": "SOL5M_2026-03-26T16:45:00Z", "condition_id": "0xf5de02b344f53038d40c70f70f938546b0ca33d5ae512f24dd17ebac61b2ede6", "trade_id": "0xb4e2f2dc77c24d7f5b6df7596bd3edcfda8cdd1ee1b9234e968ee25d28ad8339:91551841132938827379735447426925244678932765337862052620521901819857849985892:1774543225", "side": "buy", "price": 0.5949036527992542, "size": 35.299832, "outcome": "down", "asset": "91551841132938827379735447426925244678932765337862052620521901819857849985892", "transaction_hash": "0xb4e2f2dc77c24d7f5b6df7596bd3edcfda8cdd1ee1b9234e968ee25d28ad8339", "source": "polymarket"}
{"timestamp_utc": "2026-03-26T16:40:25Z", "market_key": "SOL5M_2026-03-26T16:45:00Z", "condition_id": "0xf5de02b344f53038d40c70f70f938546b0ca33d5ae512f24dd17ebac61b2ede6", "trade_id": "0xc0ae205d4c77a8f564df2cb5274a12b4b6b54790012f3ee5563cdc1a10cd101e:91551841132938827379735447426925244678932765337862052620521901819857849985892:1774543225", "side": "buy", "price": 0.5899998465998865, "size": 1.694914, "outcome": "down", "asset": "91551841132938827379735447426925244678932765337862052620521901819857849985892", "transaction_hash": "0xc0ae205d4c77a8f564df2cb5274a12b4b6b54790012f3ee5563cdc1a10cd101e", "source": "polymarket"}
{"timestamp_utc": "2026-03-26T16:40:25Z", "market_key": "SOL5M_2026-03-26T16:45:00Z", "condition_id": "0xf5de02b344f53038d40c70f70f938546b0ca33d5ae512f24dd17ebac61b2ede6", "trade_id": "0x5ac8d3ce660da4977d827bb5e8f930842603028c344746e362a404fe4ceb16c5:91551841132938827379735447426925244678932765337862052620521901819857849985892:1774543225", "side": "buy", "price": 0.57999998808219, "size": 10.068964, "outcome": "down", "asset": "91551841132938827379735447426925244678932765337862052620521901819857849985892", "transaction_hash": "0x5ac8d3ce660da4977d827bb5e8f930842603028c344746e362a404fe4ceb16c5", "source": "polymarket"}
{"timestamp_utc": "2026-03-26T16:40:25Z", "market_key": "SOL5M_2026-03-26T16:45:00Z", "condition_id": "0xf5de02b344f53038d40c70f70f938546b0ca33d5ae512f24dd17ebac61b2ede6", "trade_id": "0x6fe220a59a2240884ec6e80ee4f1b5658163209556e264a1aee213fe967ced2b:91551841132938827379735447426925244678932765337862052620521901819857849985892:1774543225", "side": "buy", "price": 0.589999963630133, "size": 9.898304, "outcome": "down", "asset": "91551841132938827379735447426925244678932765337862052620521901819857849985892", "transaction_hash": "0x6fe220a59a2240884ec6e80ee4f1b5658163209556e264a1aee213fe967ced2b", "source": "polymarket"}
{"timestamp_utc": "2026-03-26T16:40:25Z", "market_key": "SOL5M_2026-03-26T16:45:00Z", "condition_id": "0xf5de02b344f53038d40c70f70f938546b0ca33d5ae512f24dd17ebac61b2ede6", "trade_id": "0xd65a057b1f68f8e33de6cf56b32584c56fd808858d76a2bda8748dbfbe269c72:91551841132938827379735447426925244678932765337862052620521901819857849985892:1774543225", "side": "buy", "price": 0.5899999272332938, "size": 5.084743, "outcome": "down", "asset": "91551841132938827379735447426925244678932765337862052620521901819857849985892", "transaction_hash": "0xd65a057b1f68f8e33de6cf56b32584c56fd808858d76a2bda8748dbfbe269c72", "source": "polymarket"}
{"timestamp_utc": "2026-03-26T16:40:25Z", "market_key": "SOL5M_2026-03-26T16:45:00Z", "condition_id": "0xf5de02b344f53038d40c70f70f938546b0ca33d5ae512f24dd17ebac61b2ede6", "trade_id": "0xc74de725aaf8538540ff81d680ba5f8e2e1149aadca725a18b894c260ae1cda1:91551841132938827379735447426925244678932765337862052620521901819857849985892:1774543225", "side": "buy", "price": 0.62, "size": 3.0, "outcome": "down", "asset": "91551841132938827379735447426925244678932765337862052620521901819857849985892", "transaction_hash": "0xc74de725aaf8538540ff81d680ba5f8e2e1149aadca725a18b894c260ae1cda1", "source": "polymarket"}
{"timestamp_utc": "2026-03-26T16:40:25Z", "market_key": "SOL5M_2026-03-26T16:45:00Z", "condition_id": "0xf5de02b344f53038d40c70f70f938546b0ca33d5ae512f24dd17ebac61b2ede6", "trade_id": "0x6660c694d41c3cb63d6d94af734570e5365d6c9c1fdc3873013a8c4a6b07c802:101735403989728663080684552488232187187086330994367144668038028688125517594936:1774543225", "side": "buy", "price": 0.4, "size": 15.0, "outcome": "up", "asset": "101735403989728663080684552488232187187086330994367144668038028688125517594936", "transaction_hash": "0x6660c694d41c3cb63d6d94af734570e5365d6c9c1fdc3873013a8c4a6b07c802", "source": "polymarket"}
{"timestamp_utc": "2026-03-26T16:40:25Z", "market_key": "SOL5M_2026-03-26T16:45:00Z", "condition_id": "0xf5de02b344f53038d40c70f70f938546b0ca33d5ae512f24dd17ebac61b2ede6", "trade_id": "0xa74f6baa49eec756bfd46a3bafe608a675c30ecacdae5e0b21a2b10fbd2693ab:91551841132938827379735447426925244678932765337862052620521901819857849985892:1774543225", "side": "buy", "price": 0.6099999661111044, "size": 6.491802, "outcome": "down", "asset": "91551841132938827379735447426925244678932765337862052620521901819857849985892", "transaction_hash": "0xa74f6baa49eec756bfd46a3bafe608a675c30ecacdae5e0b21a2b10fbd2693ab", "source": "polymarket"}
{"timestamp_utc": "2026-03-26T16:40:25Z", "market_key": "SOL5M_2026-03-26T16:45:00Z", "condition_id": "0xf5de02b344f53038d40c70f70f938546b0ca33d5ae512f24dd17ebac61b2ede6", "trade_id": "0x7ee717062810d1807e984df9a3c7b9f6aba07776d803dc04968a4276613c772a:101735403989728663080684552488232187187086330994367144668038028688125517594936:1774543225", "side": "buy", "price": 0.4, "size": 15.0, "outcome": "up", "asset": "101735403989728663080684552488232187187086330994367144668038028688125517594936", "transaction_hash": "0x7ee717062810d1807e984df9a3c7b9f6aba07776d803dc04968a4276613c772a", "source": "polymarket"}
{"timestamp_utc": "2026-03-26T16:40:25Z", "market_key": "SOL5M_2026-03-26T16:45:00Z", "condition_id": "0xf5de02b344f53038d40c70f70f938546b0ca33d5ae512f24dd17ebac61b2ede6", "trade_id": "0x0ece49e6260b17a51dbcc9189ed4e780f1ff13c34c04338e52c8fdd147d771ca:91551841132938827379735447426925244678932765337862052620521901819857849985892:1774543225", "side": "buy", "price": 0.6284109049829845, "size": 90.386716, "outcome": "down", "asset": "91551841132938827379735447426925244678932765337862052620521901819857849985892", "transaction_hash": "0x0ece49e6260b17a51dbcc9189ed4e780f1ff13c34c04338e52c8fdd147d771ca", "source": "polymarket"}
{"timestamp_utc": "2026-03-26T16:40:25Z", "market_key": "SOL5M_2026-03-26T16:45:00Z", "condition_id": "0xf5de02b344f53038d40c70f70f938546b0ca33d5ae512f24dd17ebac61b2ede6", "trade_id": "0x958bf51832ea45e02d14341a1e5db8f87fb82be173354692c42c8df03dc5d2e1:101735403989728663080684552488232187187086330994367144668038028688125517594936:1774543225", "side": "buy", "price": 0.39166666666666666, "size": 18.0, "outcome": "up", "asset": "101735403989728663080684552488232187187086330994367144668038028688125517594936", "transaction_hash": "0x958bf51832ea45e02d14341a1e5db8f87fb82be173354692c42c8df03dc5d2e1", "source": "polymarket"}
{"timestamp_utc": "2026-03-26T16:40:25Z", "market_key": "SOL5M_2026-03-26T16:45:00Z", "condition_id": "0xf5de02b344f53038d40c70f70f938546b0ca33d5ae512f24dd17ebac61b2ede6", "trade_id": "0xb7a00568059a78459d427978a5467b8f0936e79d0196b07d8ccd9498cae5fd09:91551841132938827379735447426925244678932765337862052620521901819857849985892:1774543225", "side": "buy", "price": 0.62, "size": 5.0, "outcome": "down", "asset": "91551841132938827379735447426925244678932765337862052620521901819857849985892", "transaction_hash": "0xb7a00568059a78459d427978a5467b8f0936e79d0196b07d8ccd9498cae5fd09", "source": "polymarket"}
{"timestamp_utc": "2026-03-26T16:40:27Z", "market_key": "SOL5M_2026-03-26T16:45:00Z", "condition_id": "0xf5de02b344f53038d40c70f70f938546b0ca33d5ae512f24dd17ebac61b2ede6", "trade_id": "0x0e7156c6c5eec55327c4a8c2e72841393463994e44a97402e9a3ca609e150aa8:101735403989728663080684552488232187187086330994367144668038028688125517594936:1774543227", "side": "buy", "price": 0.41, "size": 5.0, "outcome": "up", "asset": "101735403989728663080684552488232187187086330994367144668038028688125517594936", "transaction_hash": "0x0e7156c6c5eec55327c4a8c2e72841393463994e44a97402e9a3ca609e150aa8", "source": "polymarket"}
{"timestamp_utc": "2026-03-26T16:40:29Z", "market_key": "SOL5M_2026-03-26T16:45:00Z", "condition_id": "0xf5de02b344f53038d40c70f70f938546b0ca33d5ae512f24dd17ebac61b2ede6", "trade_id": "0xec6b01720da1674d9266457f7a263fea0129fda0c6929d4e11a6fc34f327fc8c:91551841132938827379735447426925244678932765337862052620521901819857849985892:1774543229", "side": "buy", "price": 0.6440801259650698, "size": 8.446151, "outcome": "down", "asset": "91551841132938827379735447426925244678932765337862052620521901819857849985892", "transaction_hash": "0xec6b01720da1674d9266457f7a263fea0129fda0c6929d4e11a6fc34f327fc8c", "source": "polymarket"}
{"timestamp_utc": "2026-03-26T16:40:29Z", "market_key": "SOL5M_2026-03-26T16:45:00Z", "condition_id": "0xf5de02b344f53038d40c70f70f938546b0ca33d5ae512f24dd17ebac61b2ede6", "trade_id": "0xe94324fb940857ae34528858ba2c81417592ba700636aa158c64cff7c0110e63:91551841132938827379735447426925244678932765337862052620521901819857849985892:1774543229", "side": "buy", "price": 0.6440801259650698, "size": 8.446151, "outcome": "down", "asset": "91551841132938827379735447426925244678932765337862052620521901819857849985892", "transaction_hash": "0xe94324fb940857ae34528858ba2c81417592ba700636aa158c64cff7c0110e63", "source": "polymarket"}
{"timestamp_utc": "2026-03-26T16:40:29Z", "market_key": "SOL5M_2026-03-26T16:45:00Z", "condition_id": "0xf5de02b344f53038d40c70f70f938546b0ca33d5ae512f24dd17ebac61b2ede6", "trade_id": "0x7500eb2e8bcc6e1f408d1f5161078dddd27dc6d241ea4d61a5448d75979123ae:91551841132938827379735447426925244678932765337862052620521901819857849985892:1774543229", "side": "buy", "price": 0.6225635782747604, "size": 78.25, "outcome": "down", "asset": "91551841132938827379735447426925244678932765337862052620521901819857849985892", "transaction_hash": "0x7500eb2e8bcc6e1f408d1f5161078dddd27dc6d241ea4d61a5448d75979123ae", "source": "polymarket"}
{"timestamp_utc": "2026-03-26T16:40:29Z", "market_key": "SOL5M_2026-03-26T16:45:00Z", "condition_id": "0xf5de02b344f53038d40c70f70f938546b0ca33d5ae512f24dd17ebac61b2ede6", "trade_id": "0x9f5d4b31489bef92d30b3c93090b12b197067ac19bf6c029b49dac5da3dc0eb0:91551841132938827379735447426925244678932765337862052620521901819857849985892:1774543229", "side": "buy", "price": 0.6499999761029333, "size": 8.369228, "outcome": "down", "asset": "91551841132938827379735447426925244678932765337862052620521901819857849985892", "transaction_hash": "0x9f5d4b31489bef92d30b3c93090b12b197067ac19bf6c029b49dac5da3dc0eb0", "source": "polymarket"}
{"timestamp_utc": "2026-03-26T16:40:31Z", "market_key": "SOL5M_2026-03-26T16:45:00Z", "condition_id": "0xf5de02b344f53038d40c70f70f938546b0ca33d5ae512f24dd17ebac61b2ede6", "trade_id": "0x4da1d8205eda5d654a36c7121d22eda96fd82606f8d3ca18b7e6800256663f08:91551841132938827379735447426925244678932765337862052620521901819857849985892:1774543231", "side": "buy", "price": 0.6341712204007286, "size": 8.578125, "outcome": "down", "asset": "91551841132938827379735447426925244678932765337862052620521901819857849985892", "transaction_hash": "0x4da1d8205eda5d654a36c7121d22eda96fd82606f8d3ca18b7e6800256663f08", "source": "polymarket"}
{"timestamp_utc": "2026-03-26T16:40:31Z", "market_key": "SOL5M_2026-03-26T16:45:00Z", "condition_id": "0xf5de02b344f53038d40c70f70f938546b0ca33d5ae512f24dd17ebac61b2ede6", "trade_id": "0x1067d240fab0bcbbc32ab1d64cc4ef4e174c9094d53afc0632ed086653591de0:101735403989728663080684552488232187187086330994367144668038028688125517594936:1774543231", "side": "buy", "price": 0.37168981632400055, "size": 13.236841, "outcome": "up", "asset": "101735403989728663080684552488232187187086330994367144668038028688125517594936", "transaction_hash": "0x1067d240fab0bcbbc32ab1d64cc4ef4e174c9094d53afc0632ed086653591de0", "source": "polymarket"}
{"timestamp_utc": "2026-03-26T16:40:31Z", "market_key": "SOL5M_2026-03-26T16:45:00Z", "condition_id": "0xf5de02b344f53038d40c70f70f938546b0ca33d5ae512f24dd17ebac61b2ede6", "trade_id": "0xa73b41c649dab14107da152b6376257aebc1aa9ca7a4f21e8e8cd5e86fb0b67e:101735403989728663080684552488232187187086330994367144668038028688125517594936:1774543231", "side": "buy", "price": 0.3799999741599966, "size": 13.157893, "outcome": "up", "asset": "101735403989728663080684552488232187187086330994367144668038028688125517594936", "transaction_hash": "0xa73b41c649dab14107da152b6376257aebc1aa9ca7a4f21e8e8cd5e86fb0b67e", "source": "polymarket"}
{"timestamp_utc": "2026-03-26T16:40:33Z", "market_key": "SOL5M_2026-03-26T16:45:00Z", "condition_id": "0xf5de02b344f53038d40c70f70f938546b0ca33d5ae512f24dd17ebac61b2ede6", "trade_id": "0xae7ee5e3f931bc9a2fd0051bf6d1209dc235e5c0f73c7ec11b102ed23b306acb:101735403989728663080684552488232187187086330994367144668038028688125517594936:1774543233", "side": "buy", "price": 0.3432, "size": 25.0, "outcome": "up", "asset": "101735403989728663080684552488232187187086330994367144668038028688125517594936", "transaction_hash": "0xae7ee5e3f931bc9a2fd0051bf6d1209dc235e5c0f73c7ec11b102ed23b306acb", "source": "polymarket"}
{"timestamp_utc": "2026-03-26T16:40:33Z", "market_key": "SOL5M_2026-03-26T16:45:00Z", "condition_id": "0xf5de02b344f53038d40c70f70f938546b0ca33d5ae512f24dd17ebac61b2ede6", "trade_id": "0xe6ba52231adccf4e4188c46e8a4d45338777553ad12ccc14f142869745f497d5:101735403989728663080684552488232187187086330994367144668038028688125517594936:1774543233", "side": "buy", "price": 0.3399999316200873, "size": 5.264704, "outcome": "up", "asset": "101735403989728663080684552488232187187086330994367144668038028688125517594936", "transaction_hash": "0xe6ba52231adccf4e4188c46e8a4d45338777553ad12ccc14f142869745f497d5", "source": "polymarket"}
{"timestamp_utc": "2026-03-26T16:40:33Z", "market_key": "SOL5M_2026-03-26T16:45:00Z", "condition_id": "0xf5de02b344f53038d40c70f70f938546b0ca33d5ae512f24dd17ebac61b2ede6", "trade_id": "0x82c4a6ab8cd292c62134d1a413cfa4d29bbe8c8b54eeaf3fe24e299bea1e467c:91551841132938827379735447426925244678932765337862052620521901819857849985892:1774543233", "side": "buy", "price": 0.6501492289721513, "size": 10.151514, "outcome": "down", "asset": "91551841132938827379735447426925244678932765337862052620521901819857849985892", "transaction_hash": "0x82c4a6ab8cd292c62134d1a413cfa4d29bbe8c8b54eeaf3fe24e299bea1e467c", "source": "polymarket"}
{"timestamp_utc": "2026-03-26T16:40:35Z", "market_key": "SOL5M_2026-03-26T16:45:00Z", "condition_id": "0xf5de02b344f53038d40c70f70f938546b0ca33d5ae512f24dd17ebac61b2ede6", "trade_id": "0x154d754e40c5f0d7b734c7e1fc98a5cafa532a2157d21281d8aefe137d409ebb:91551841132938827379735447426925244678932765337862052620521901819857849985892:1774543235", "side": "buy", "price": 0.6781981981981982, "size": 111.0, "outcome": "down", "asset": "91551841132938827379735447426925244678932765337862052620521901819857849985892", "transaction_hash": "0x154d754e40c5f0d7b734c7e1fc98a5cafa532a2157d21281d8aefe137d409ebb", "source": "polymarket"}
{"timestamp_utc": "2026-03-26T16:40:35Z", "market_key": "SOL5M_2026-03-26T16:45:00Z", "condition_id": "0xf5de02b344f53038d40c70f70f938546b0ca33d5ae512f24dd17ebac61b2ede6", "trade_id": "0xaa441621896d242f84dc024267760291bbcbb8d9d6fdaa7a223f86255eb9b3f5:91551841132938827379735447426925244678932765337862052620521901819857849985892:1774543235", "side": "buy", "price": 0.6531392685605518, "size": 7.287876, "outcome": "down", "asset": "91551841132938827379735447426925244678932765337862052620521901819857849985892", "transaction_hash": "0xaa441621896d242f84dc024267760291bbcbb8d9d6fdaa7a223f86255eb9b3f5", "source": "polymarket"}
{"timestamp_utc": "2026-03-26T16:40:41Z", "market_key": "SOL5M_2026-03-26T16:45:00Z", "condition_id": "0xf5de02b344f53038d40c70f70f938546b0ca33d5ae512f24dd17ebac61b2ede6", "trade_id": "0xd9477856e6276720d60ba3ecd983a44f92ac38790aa0304fe5e3bc829d019146:91551841132938827379735447426925244678932765337862052620521901819857849985892:1774543241", "side": "buy", "price": 0.6603846153846153, "size": 5.2, "outcome": "down", "asset": "91551841132938827379735447426925244678932765337862052620521901819857849985892", "transaction_hash": "0xd9477856e6276720d60ba3ecd983a44f92ac38790aa0304fe5e3bc829d019146", "source": "polymarket"}
{"timestamp_utc": "2026-03-26T16:40:41Z", "market_key": "SOL5M_2026-03-26T16:45:00Z", "condition_id": "0xf5de02b344f53038d40c70f70f938546b0ca33d5ae512f24dd17ebac61b2ede6", "trade_id": "0x5ba3e59f7899204bcd9d37dda21f0548c9e875437f04630a68580f5c26f85740:101735403989728663080684552488232187187086330994367144668038028688125517594936:1774543241", "side": "buy", "price": 0.3399999421999809, "size": 5.882351, "outcome": "up", "asset": "101735403989728663080684552488232187187086330994367144668038028688125517594936", "transaction_hash": "0x5ba3e59f7899204bcd9d37dda21f0548c9e875437f04630a68580f5c26f85740", "source": "polymarket"}
{"timestamp_utc": "2026-03-26T16:40:41Z", "market_key": "SOL5M_2026-03-26T16:45:00Z", "condition_id": "0xf5de02b344f53038d40c70f70f938546b0ca33d5ae512f24dd17ebac61b2ede6", "trade_id": "0x8006e0b0f749a5a9b7b9ff7faeaf26de36e9022029b9d09b9472d0c702d4581f:91551841132938827379735447426925244678932765337862052620521901819857849985892:1774543241", "side": "buy", "price": 0.6663881607856345, "size": 7.503133, "outcome": "down", "asset": "91551841132938827379735447426925244678932765337862052620521901819857849985892", "transaction_hash": "0x8006e0b0f749a5a9b7b9ff7faeaf26de36e9022029b9d09b9472d0c702d4581f", "source": "polymarket"}
{"timestamp_utc": "2026-03-26T16:40:43Z", "market_key": "SOL5M_2026-03-26T16:45:00Z", "condition_id": "0xf5de02b344f53038d40c70f70f938546b0ca33d5ae512f24dd17ebac61b2ede6", "trade_id": "0x2e2128345861c80edf91b96e33bc0e184130ef3012217f12b5d876fa073f0986:101735403989728663080684552488232187187086330994367144668038028688125517594936:1774543243", "side": "buy", "price": 0.33999994106665726, "size": 8.823528, "outcome": "up", "asset": "101735403989728663080684552488232187187086330994367144668038028688125517594936", "transaction_hash": "0x2e2128345861c80edf91b96e33bc0e184130ef3012217f12b5d876fa073f0986", "source": "polymarket"}
{"timestamp_utc": "2026-03-26T16:40:43Z", "market_key": "SOL5M_2026-03-26T16:45:00Z", "condition_id": "0xf5de02b344f53038d40c70f70f938546b0ca33d5ae512f24dd17ebac61b2ede6", "trade_id": "0x73ef5fd759d485b4b2414cfff0f23969ddd45471bbbf7555f831009b8b180ae1:91551841132938827379735447426925244678932765337862052620521901819857849985892:1774543243", "side": "buy", "price": 0.685106372566771, "size": 10.21739, "outcome": "down", "asset": "91551841132938827379735447426925244678932765337862052620521901819857849985892", "transaction_hash": "0x73ef5fd759d485b4b2414cfff0f23969ddd45471bbbf7555f831009b8b180ae1", "source": "polymarket"}
{"timestamp_utc": "2026-03-26T16:40:43Z", "market_key": "SOL5M_2026-03-26T16:45:00Z", "condition_id": "0xf5de02b344f53038d40c70f70f938546b0ca33d5ae512f24dd17ebac61b2ede6", "trade_id": "0x2c6dda1fbcce445bd92067c5823c8828f74b6d08ca59a1633898ce926f7c0213:91551841132938827379735447426925244678932765337862052620521901819857849985892:1774543243", "side": "buy", "price": 0.676923076923077, "size": 16.25, "outcome": "down", "asset": "91551841132938827379735447426925244678932765337862052620521901819857849985892", "transaction_hash": "0x2c6dda1fbcce445bd92067c5823c8828f74b6d08ca59a1633898ce926f7c0213", "source": "polymarket"}
{"timestamp_utc": "2026-03-26T16:40:45Z", "market_key": "SOL5M_2026-03-26T16:45:00Z", "condition_id": "0xf5de02b344f53038d40c70f70f938546b0ca33d5ae512f24dd17ebac61b2ede6", "trade_id": "0x57125126e8ba946a8dd37e8de8387652d5d5ddb68b16526eb6ab702c280b505f:101735403989728663080684552488232187187086330994367144668038028688125517594936:1774543245", "side": "buy", "price": 0.32, "size": 5.0, "outcome": "up", "asset": "101735403989728663080684552488232187187086330994367144668038028688125517594936", "transaction_hash": "0x57125126e8ba946a8dd37e8de8387652d5d5ddb68b16526eb6ab702c280b505f", "source": "polymarket"}
{"timestamp_utc": "2026-03-26T16:40:45Z", "market_key": "SOL5M_2026-03-26T16:45:00Z", "condition_id": "0xf5de02b344f53038d40c70f70f938546b0ca33d5ae512f24dd17ebac61b2ede6", "trade_id": "0x831abdfdf7fa3101adea71a97ba02f9efbdbccc9e25e0ad731772bab29fecb26:101735403989728663080684552488232187187086330994367144668038028688125517594936:1774543245", "side": "buy", "price": 0.3299998769822216, "size": 5.121211, "outcome": "up", "asset": "101735403989728663080684552488232187187086330994367144668038028688125517594936", "transaction_hash": "0x831abdfdf7fa3101adea71a97ba02f9efbdbccc9e25e0ad731772bab29fecb26", "source": "polymarket"}
{"timestamp_utc": "2026-03-26T16:40:47Z", "market_key": "SOL5M_2026-03-26T16:45:00Z", "condition_id": "0xf5de02b344f53038d40c70f70f938546b0ca33d5ae512f24dd17ebac61b2ede6", "trade_id": "0xfd74ce989d1e2a06ef3c927b3f38997f0432a2dd92be5709803babb73dd6e9ff:91551841132938827379735447426925244678932765337862052620521901819857849985892:1774543247", "side": "buy", "price": 0.69, "size": 5.64, "outcome": "down", "asset": "91551841132938827379735447426925244678932765337862052620521901819857849985892", "transaction_hash": "0xfd74ce989d1e2a06ef3c927b3f38997f0432a2dd92be5709803babb73dd6e9ff", "source": "polymarket"}
{"timestamp_utc": "2026-03-26T16:40:47Z", "market_key": "SOL5M_2026-03-26T16:45:00Z", "condition_id": "0xf5de02b344f53038d40c70f70f938546b0ca33d5ae512f24dd17ebac61b2ede6", "trade_id": "0x7f0de1e3370beac618d15d507a1eccbc5ded920317c963ead4ef4848d710b657:101735403989728663080684552488232187187086330994367144668038028688125517594936:1774543247", "side": "buy", "price": 0.32, "size": 5.0, "outcome": "up", "asset": "101735403989728663080684552488232187187086330994367144668038028688125517594936", "transaction_hash": "0x7f0de1e3370beac618d15d507a1eccbc5ded920317c963ead4ef4848d710b657", "source": "polymarket"}
{"timestamp_utc": "2026-03-26T16:40:49Z", "market_key": "SOL5M_2026-03-26T16:45:00Z", "condition_id": "0xf5de02b344f53038d40c70f70f938546b0ca33d5ae512f24dd17ebac61b2ede6", "trade_id": "0x9b9a0600f9ddacec119e05824a86432b30bd183f9d1de7627b0427e9fd14ea9c:91551841132938827379735447426925244678932765337862052620521901819857849985892:1774543249", "side": "buy", "price": 0.6811660777385159, "size": 5.66, "outcome": "down", "asset": "91551841132938827379735447426925244678932765337862052620521901819857849985892", "transaction_hash": "0x9b9a0600f9ddacec119e05824a86432b30bd183f9d1de7627b0427e9fd14ea9c", "source": "polymarket"}
{"timestamp_utc": "2026-03-26T16:40:49Z", "market_key": "SOL5M_2026-03-26T16:45:00Z", "condition_id": "0xf5de02b344f53038d40c70f70f938546b0ca33d5ae512f24dd17ebac61b2ede6", "trade_id": "0x2ec547010b7fd766c6f98a6b3a628571e09abf1294d491fb6d4f1ec8cce61af6:91551841132938827379735447426925244678932765337862052620521901819857849985892:1774543249", "side": "buy", "price": 0.695912, "size": 50.0, "outcome": "down", "asset": "91551841132938827379735447426925244678932765337862052620521901819857849985892", "transaction_hash": "0x2ec547010b7fd766c6f98a6b3a628571e09abf1294d491fb6d4f1ec8cce61af6", "source": "polymarket"}
{"timestamp_utc": "2026-03-26T16:40:49Z", "market_key": "SOL5M_2026-03-26T16:45:00Z", "condition_id": "0xf5de02b344f53038d40c70f70f938546b0ca33d5ae512f24dd17ebac61b2ede6", "trade_id": "0x7b973d2a13227ee1a7424b2bc6f48fc10c9c2fbdf0800f649b6112cff6034238:91551841132938827379735447426925244678932765337862052620521901819857849985892:1774543249", "side": "buy", "price": 0.685283004937906, "size": 83.761012, "outcome": "down", "asset": "91551841132938827379735447426925244678932765337862052620521901819857849985892", "transaction_hash": "0x7b973d2a13227ee1a7424b2bc6f48fc10c9c2fbdf0800f649b6112cff6034238", "source": "polymarket"}
{"timestamp_utc": "2026-03-26T16:40:49Z", "market_key": "SOL5M_2026-03-26T16:45:00Z", "condition_id": "0xf5de02b344f53038d40c70f70f938546b0ca33d5ae512f24dd17ebac61b2ede6", "trade_id": "0x2700ce1a3e4976bf44abf43148af82ccf7a7e9a8ad2773669798e2e0e353f3eb:101735403989728663080684552488232187187086330994367144668038028688125517594936:1774543249", "side": "buy", "price": 0.32, "size": 21.49, "outcome": "up", "asset": "101735403989728663080684552488232187187086330994367144668038028688125517594936", "transaction_hash": "0x2700ce1a3e4976bf44abf43148af82ccf7a7e9a8ad2773669798e2e0e353f3eb", "source": "polymarket"}
{"timestamp_utc": "2026-03-26T16:40:51Z", "market_key": "SOL5M_2026-03-26T16:45:00Z", "condition_id": "0xf5de02b344f53038d40c70f70f938546b0ca33d5ae512f24dd17ebac61b2ede6", "trade_id": "0x20f0b38a41ce21bd9d7c93853d4b013aa902c1f965b8ddbf1c04b275ae1d584d:101735403989728663080684552488232187187086330994367144668038028688125517594936:1774543251", "side": "buy", "price": 0.32999990229047715, "size": 5.424241, "outcome": "up", "asset": "101735403989728663080684552488232187187086330994367144668038028688125517594936", "transaction_hash": "0x20f0b38a41ce21bd9d7c93853d4b013aa902c1f965b8ddbf1c04b275ae1d584d", "source": "polymarket"}
{"timestamp_utc": "2026-03-26T16:40:51Z", "market_key": "SOL5M_2026-03-26T16:45:00Z", "condition_id": "0xf5de02b344f53038d40c70f70f938546b0ca33d5ae512f24dd17ebac61b2ede6", "trade_id": "0xe18687cd1bd2698dc414b8608f33e00bf3f3b40db01cd49ce90fa18bf8ed3443:101735403989728663080684552488232187187086330994367144668038028688125517594936:1774543251", "side": "buy", "price": 0.32, "size": 5.0, "outcome": "up", "asset": "101735403989728663080684552488232187187086330994367144668038028688125517594936", "transaction_hash": "0xe18687cd1bd2698dc414b8608f33e00bf3f3b40db01cd49ce90fa18bf8ed3443", "source": "polymarket"}
{"timestamp_utc": "2026-03-26T16:40:51Z", "market_key": "SOL5M_2026-03-26T16:45:00Z", "condition_id": "0xf5de02b344f53038d40c70f70f938546b0ca33d5ae512f24dd17ebac61b2ede6", "trade_id": "0xd4bbf72be57dde9165facc760fb7a77520cff1cbfaed12f2cb92adf19b965a70:101735403989728663080684552488232187187086330994367144668038028688125517594936:1774543251", "side": "buy", "price": 0.32999989745760105, "size": 5.363635, "outcome": "up", "asset": "101735403989728663080684552488232187187086330994367144668038028688125517594936", "transaction_hash": "0xd4bbf72be57dde9165facc760fb7a77520cff1cbfaed12f2cb92adf19b965a70", "source": "polymarket"}
{"timestamp_utc": "2026-03-26T16:40:55Z", "market_key": "SOL5M_2026-03-26T16:45:00Z", "condition_id": "0xf5de02b344f53038d40c70f70f938546b0ca33d5ae512f24dd17ebac61b2ede6", "trade_id": "0xbc7c2c50dba8d8aaacdcc2dfe69e6cf3752d02cba12731450f3e404a845b59cb:101735403989728663080684552488232187187086330994367144668038028688125517594936:1774543255", "side": "buy", "price": 0.3299998822806749, "size": 5.181817, "outcome": "up", "asset": "101735403989728663080684552488232187187086330994367144668038028688125517594936", "transaction_hash": "0xbc7c2c50dba8d8aaacdcc2dfe69e6cf3752d02cba12731450f3e404a845b59cb", "source": "polymarket"}
{"timestamp_utc": "2026-03-26T16:40:57Z", "market_key": "SOL5M_2026-03-26T16:45:00Z", "condition_id": "0xf5de02b344f53038d40c70f70f938546b0ca33d5ae512f24dd17ebac61b2ede6", "trade_id": "0xf183d1d19ab1ac06ba3638cb0358866e33bb05fd7bcc0100a68adaabc6a4f9c5:91551841132938827379735447426925244678932765337862052620521901819857849985892:1774543257", "side": "sell", "price": 0.62, "size": 0.39, "outcome": "down", "asset": "91551841132938827379735447426925244678932765337862052620521901819857849985892", "transaction_hash": "0xf183d1d19ab1ac06ba3638cb0358866e33bb05fd7bcc0100a68adaabc6a4f9c5", "source": "polymarket"}
