{"timestamp_utc": "2026-03-26T05:03:53Z", "market_key": "SOL5M_2026-03-26T05:25:00Z", "condition_id": "0x909363cb5fd5f33ef83b762e7ef95a580ca1fa5973cfe5842aa22ecdfa87870a", "trade_id": "0x1052a1d5946390e1f2bb1e6bccd723e5e6ec6b379ee51f8ec8c10cd6590349b5:55195168460081641645537927591025567217298785476601651868279282683915468359735:1774501433", "side": "buy", "price": 0.505, "size": 10.0, "outcome": "up", "asset": "55195168460081641645537927591025567217298785476601651868279282683915468359735", "transaction_hash": "0x1052a1d5946390e1f2bb1e6bccd723e5e6ec6b379ee51f8ec8c10cd6590349b5", "source": "polymarket"}
{"timestamp_utc": "2026-03-26T05:13:07Z", "market_key": "SOL5M_2026-03-26T05:25:00Z", "condition_id": "0x909363cb5fd5f33ef83b762e7ef95a580ca1fa5973cfe5842aa22ecdfa87870a", "trade_id": "0x613f488598643f2f9f7a4f259388adf798057791c0ecf8d4230b3e3322f4e941:19092734076395065083380937170100865224604059470908845980436233213254877015281:1774501987", "side": "buy", "price": 0.45, "size": 10.0, "outcome": "down", "asset": "19092734076395065083380937170100865224604059470908845980436233213254877015281", "transaction_hash": "0x613f488598643f2f9f7a4f259388adf798057791c0ecf8d4230b3e3322f4e941", "source": "polymarket"}
{"timestamp_utc": "2026-03-26T05:13:07Z", "market_key": "SOL5M_2026-03-26T05:25:00Z", "condition_id": "0x909363cb5fd5f33ef83b762e7ef95a580ca1fa5973cfe5842aa22ecdfa87870a", "trade_id": "0x8bfef35f40c5aeb4d6e2e86a739ac9973d8a62d6ffb6aa39689db37b65c9ccc7:55195168460081641645537927591025567217298785476601651868279282683915468359735:1774501987", "side": "buy", "price": 0.5433818663136996, "size": 75.55, "outcome": "up", "asset": "55195168460081641645537927591025567217298785476601651868279282683915468359735", "transaction_hash": "0x8bfef35f40c5aeb4d6e2e86a739ac9973d8a62d6ffb6aa39689db37b65c9ccc7", "source": "polymarket"}
{"timestamp_utc": "2026-03-26T05:14:59Z", "market_key": "SOL5M_2026-03-26T05:25:00Z", "condition_id": "0x909363cb5fd5f33ef83b762e7ef95a580ca1fa5973cfe5842aa22ecdfa87870a", "trade_id": "0xb4db45da1ea533746f3c5edf352a39c3da186a279d1202527b4ed757dc0aa751:55195168460081641645537927591025567217298785476601651868279282683915468359735:1774502099", "side": "buy", "price": 0.56, "size": 5.0, "outcome": "up", "asset": "55195168460081641645537927591025567217298785476601651868279282683915468359735", "transaction_hash": "0xb4db45da1ea533746f3c5edf352a39c3da186a279d1202527b4ed757dc0aa751", "source": "polymarket"}
{"timestamp_utc": "2026-03-26T05:15:05Z", "market_key": "SOL5M_2026-03-26T05:25:00Z", "condition_id": "0x909363cb5fd5f33ef83b762e7ef95a580ca1fa5973cfe5842aa22ecdfa87870a", "trade_id": "0x303a793e4e19c33190c3fc032ffd99a855eca6184065bc4471ba87a1d1739a99:19092734076395065083380937170100865224604059470908845980436233213254877015281:1774502105", "side": "buy", "price": 0.4499997974998886, "size": 2.222221, "outcome": "down", "asset": "19092734076395065083380937170100865224604059470908845980436233213254877015281", "transaction_hash": "0x303a793e4e19c33190c3fc032ffd99a855eca6184065bc4471ba87a1d1739a99", "source": "polymarket"}
{"timestamp_utc": "2026-03-26T05:15:05Z", "market_key": "SOL5M_2026-03-26T05:25:00Z", "condition_id": "0x909363cb5fd5f33ef83b762e7ef95a580ca1fa5973cfe5842aa22ecdfa87870a", "trade_id": "0xab30b1211172454378fdf3a7c2a8af5b4165c5398b96f1249232678b9d5a9a6d:55195168460081641645537927591025567217298785476601651868279282683915468359735:1774502105", "side": "buy", "price": 0.559999843199887, "size": 1.785713, "outcome": "up", "asset": "55195168460081641645537927591025567217298785476601651868279282683915468359735", "transaction_hash": "0xab30b1211172454378fdf3a7c2a8af5b4165c5398b96f1249232678b9d5a9a6d", "source": "polymarket"}
{"timestamp_utc": "2026-03-26T05:15:07Z", "market_key": "SOL5M_2026-03-26T05:25:00Z", "condition_id": "0x909363cb5fd5f33ef83b762e7ef95a580ca1fa5973cfe5842aa22ecdfa87870a", "trade_id": "0x8a2db6f0f12b5b565e9ede10fa4871d49e74f699dda7d4f1ab69cc624fc2804d:55195168460081641645537927591025567217298785476601651868279282683915468359735:1774502107", "side": "buy", "price": 0.559999843199887, "size": 1.785713, "outcome": "up", "asset": "55195168460081641645537927591025567217298785476601651868279282683915468359735", "transaction_hash": "0x8a2db6f0f12b5b565e9ede10fa4871d49e74f699dda7d4f1ab69cc624fc2804d", "source": "polymarket"}
{"timestamp_utc": "2026-03-26T05:15:55Z", "market_key": "SOL5M_2026-03-26T05:25:00Z", "condition_id": "0x909363cb5fd5f33ef83b762e7ef95a580ca1fa5973cfe5842aa22ecdfa87870a", "trade_id": "0x8e341cde45bc83cfcff8c9bbab58466358bf14c0d8e1edf08807de30798f3deb:19092734076395065083380937170100865224604059470908845980436233213254877015281:1774502155", "side": "buy", "price": 0.45, "size": 5.0, "outcome": "down", "asset": "19092734076395065083380937170100865224604059470908845980436233213254877015281", "transaction_hash": "0x8e341cde45bc83cfcff8c9bbab58466358bf14c0d8e1edf08807de30798f3deb", "source": "polymarket"}
{"timestamp_utc": "2026-03-26T05:16:09Z", "market_key": "SOL5M_2026-03-26T05:25:00Z", "condition_id": "0x909363cb5fd5f33ef83b762e7ef95a580ca1fa5973cfe5842aa22ecdfa87870a", "trade_id": "0xe7974b3a0f36f2574e5c8221b910aef29da6a14d0329b0bde4db0b93f0d6b6fc:19092734076395065083380937170100865224604059470908845980436233213254877015281:1774502169", "side": "buy", "price": 0.45, "size": 20.0, "outcome": "down", "asset": "19092734076395065083380937170100865224604059470908845980436233213254877015281", "transaction_hash": "0xe7974b3a0f36f2574e5c8221b910aef29da6a14d0329b0bde4db0b93f0d6b6fc", "source": "polymarket"}
{"timestamp_utc": "2026-03-26T05:18:37Z", "market_key": "SOL5M_2026-03-26T05:25:00Z", "condition_id": "0x909363cb5fd5f33ef83b762e7ef95a580ca1fa5973cfe5842aa22ecdfa87870a", "trade_id": "0x8e8ffc8dd7da2ea39007a854589a752d1bad4e3f62e673d3189440dc276d7f60:55195168460081641645537927591025567217298785476601651868279282683915468359735:1774502317", "side": "buy", "price": 0.56, "size": 10.0, "outcome": "up", "asset": "55195168460081641645537927591025567217298785476601651868279282683915468359735", "transaction_hash": "0x8e8ffc8dd7da2ea39007a854589a752d1bad4e3f62e673d3189440dc276d7f60", "source": "polymarket"}
{"timestamp_utc": "2026-03-26T05:18:39Z", "market_key": "SOL5M_2026-03-26T05:25:00Z", "condition_id": "0x909363cb5fd5f33ef83b762e7ef95a580ca1fa5973cfe5842aa22ecdfa87870a", "trade_id": "0x1e67bf5e7f8cd231dbf5629ee56424682c92d3daee7c4eee99c0d0704b9a68af:55195168460081641645537927591025567217298785476601651868279282683915468359735:1774502319", "side": "buy", "price": 0.56, "size": 10.0, "outcome": "up", "asset": "55195168460081641645537927591025567217298785476601651868279282683915468359735", "transaction_hash": "0x1e67bf5e7f8cd231dbf5629ee56424682c92d3daee7c4eee99c0d0704b9a68af", "source": "polymarket"}
{"timestamp_utc": "2026-03-26T05:19:37Z", "market_key": "SOL5M_2026-03-26T05:25:00Z", "condition_id": "0x909363cb5fd5f33ef83b762e7ef95a580ca1fa5973cfe5842aa22ecdfa87870a", "trade_id": "0x4405ecf807123918709cce34a40bfb85b10f97698f7db9130e58b742b9e363dd:55195168460081641645537927591025567217298785476601651868279282683915468359735:1774502377", "side": "buy", "price": 0.58, "size": 41.0, "outcome": "up", "asset": "55195168460081641645537927591025567217298785476601651868279282683915468359735", "transaction_hash": "0x4405ecf807123918709cce34a40bfb85b10f97698f7db9130e58b742b9e363dd", "source": "polymarket"}
{"timestamp_utc": "2026-03-26T05:19:37Z", "market_key": "SOL5M_2026-03-26T05:25:00Z", "condition_id": "0x909363cb5fd5f33ef83b762e7ef95a580ca1fa5973cfe5842aa22ecdfa87870a", "trade_id": "0x503ea44c7a704a36ad69a0b01f613b128b68f9a2bb0e11b420a6cc306682552d:55195168460081641645537927591025567217298785476601651868279282683915468359735:1774502377", "side": "buy", "price": 0.571, "size": 100.0, "outcome": "up", "asset": "55195168460081641645537927591025567217298785476601651868279282683915468359735", "transaction_hash": "0x503ea44c7a704a36ad69a0b01f613b128b68f9a2bb0e11b420a6cc306682552d", "source": "polymarket"}
{"timestamp_utc": "2026-03-26T05:19:39Z", "market_key": "SOL5M_2026-03-26T05:25:00Z", "condition_id": "0x909363cb5fd5f33ef83b762e7ef95a580ca1fa5973cfe5842aa22ecdfa87870a", "trade_id": "0xc6fb2ba502b54980718e973fa6d1c6b494f93e57a38c6de5f1e3566736d81005:19092734076395065083380937170100865224604059470908845980436233213254877015281:1774502379", "side": "buy", "price": 0.42, "size": 7.4, "outcome": "down", "asset": "19092734076395065083380937170100865224604059470908845980436233213254877015281", "transaction_hash": "0xc6fb2ba502b54980718e973fa6d1c6b494f93e57a38c6de5f1e3566736d81005", "source": "polymarket"}
{"timestamp_utc": "2026-03-26T05:20:03Z", "market_key": "SOL5M_2026-03-26T05:25:00Z", "condition_id": "0x909363cb5fd5f33ef83b762e7ef95a580ca1fa5973cfe5842aa22ecdfa87870a", "trade_id": "0xb5efc4f8a09784bf75dcefe2d38b9d68c141027c773d7ffb1818eb32e661c70f:19092734076395065083380937170100865224604059470908845980436233213254877015281:1774502403", "side": "buy", "price": 0.4199999399999891, "size": 7.333332, "outcome": "down", "asset": "19092734076395065083380937170100865224604059470908845980436233213254877015281", "transaction_hash": "0xb5efc4f8a09784bf75dcefe2d38b9d68c141027c773d7ffb1818eb32e661c70f", "source": "polymarket"}
{"timestamp_utc": "2026-03-26T05:20:03Z", "market_key": "SOL5M_2026-03-26T05:25:00Z", "condition_id": "0x909363cb5fd5f33ef83b762e7ef95a580ca1fa5973cfe5842aa22ecdfa87870a", "trade_id": "0x700ef93e2af5e2045183fc9a2a998577e914feadcba50a98ec186ee504b18c81:55195168460081641645537927591025567217298785476601651868279282683915468359735:1774502403", "side": "buy", "price": 0.62, "size": 25.80645, "outcome": "up", "asset": "55195168460081641645537927591025567217298785476601651868279282683915468359735", "transaction_hash": "0x700ef93e2af5e2045183fc9a2a998577e914feadcba50a98ec186ee504b18c81", "source": "polymarket"}
{"timestamp_utc": "2026-03-26T05:20:03Z", "market_key": "SOL5M_2026-03-26T05:25:00Z", "condition_id": "0x909363cb5fd5f33ef83b762e7ef95a580ca1fa5973cfe5842aa22ecdfa87870a", "trade_id": "0x5a1b7f5bf46dcc8046e12faa2e452942593eb8dc43c0c079c15cbf684c360aa7:55195168460081641645537927591025567217298785476601651868279282683915468359735:1774502403", "side": "buy", "price": 0.63, "size": 5.0, "outcome": "up", "asset": "55195168460081641645537927591025567217298785476601651868279282683915468359735", "transaction_hash": "0x5a1b7f5bf46dcc8046e12faa2e452942593eb8dc43c0c079c15cbf684c360aa7", "source": "polymarket"}
{"timestamp_utc": "2026-03-26T05:20:03Z", "market_key": "SOL5M_2026-03-26T05:25:00Z", "condition_id": "0x909363cb5fd5f33ef83b762e7ef95a580ca1fa5973cfe5842aa22ecdfa87870a", "trade_id": "0x7663293236b5996d7ec9c1231f86ebce117b71adbbb82da82738d145d6d29a27:55195168460081641645537927591025567217298785476601651868279282683915468359735:1774502403", "side": "buy", "price": 0.63, "size": 10.0, "outcome": "up", "asset": "55195168460081641645537927591025567217298785476601651868279282683915468359735", "transaction_hash": "0x7663293236b5996d7ec9c1231f86ebce117b71adbbb82da82738d145d6d29a27", "source": "polymarket"}
{"timestamp_utc": "2026-03-26T05:20:05Z", "market_key": "SOL5M_2026-03-26T05:25:00Z", "condition_id": "0x909363cb5fd5f33ef83b762e7ef95a580ca1fa5973cfe5842aa22ecdfa87870a", "trade_id": "0x249785bd63de6c7e20183c28dc50c61874861fdb7bd8b72cd580ae0b2d86dab5:19092734076395065083380937170100865224604059470908845980436233213254877015281:1774502405", "side": "buy", "price": 0.40999990195650254, "size": 5.609755, "outcome": "down", "asset": "19092734076395065083380937170100865224604059470908845980436233213254877015281", "transaction_hash": "0x249785bd63de6c7e20183c28dc50c61874861fdb7bd8b72cd580ae0b2d86dab5", "source": "polymarket"}
{"timestamp_utc": "2026-03-26T05:20:05Z", "market_key": "SOL5M_2026-03-26T05:25:00Z", "condition_id": "0x909363cb5fd5f33ef83b762e7ef95a580ca1fa5973cfe5842aa22ecdfa87870a", "trade_id": "0xb1d0d98f3109241cbcd35aab9fb1ab767133fbe1118936f58845d417cb96630c:55195168460081641645537927591025567217298785476601651868279282683915468359735:1774502405", "side": "sell", "price": 0.59, "size": 1.0, "outcome": "up", "asset": "55195168460081641645537927591025567217298785476601651868279282683915468359735", "transaction_hash": "0xb1d0d98f3109241cbcd35aab9fb1ab767133fbe1118936f58845d417cb96630c", "source": "polymarket"}
{"timestamp_utc": "2026-03-26T05:20:05Z", "market_key": "SOL5M_2026-03-26T05:25:00Z", "condition_id": "0x909363cb5fd5f33ef83b762e7ef95a580ca1fa5973cfe5842aa22ecdfa87870a", "trade_id": "0xc6aab738f97aa284d11744423696e9bab8399dae533a053f1be79b94410e50d3:55195168460081641645537927591025567217298785476601651868279282683915468359735:1774502405", "side": "buy", "price": 0.619999968999986, "size": 6.45161, "outcome": "up", "asset": "55195168460081641645537927591025567217298785476601651868279282683915468359735", "transaction_hash": "0xc6aab738f97aa284d11744423696e9bab8399dae533a053f1be79b94410e50d3", "source": "polymarket"}
{"timestamp_utc": "2026-03-26T05:20:07Z", "market_key": "SOL5M_2026-03-26T05:25:00Z", "condition_id": "0x909363cb5fd5f33ef83b762e7ef95a580ca1fa5973cfe5842aa22ecdfa87870a", "trade_id": "0x4702e7528fcc95af5e6c70077b0204bffbb9217938c5cba242595bfba12d7114:55195168460081641645537927591025567217298785476601651868279282683915468359735:1774502407", "side": "buy", "price": 0.63, "size": 10.0, "outcome": "up", "asset": "55195168460081641645537927591025567217298785476601651868279282683915468359735", "transaction_hash": "0x4702e7528fcc95af5e6c70077b0204bffbb9217938c5cba242595bfba12d7114", "source": "polymarket"}
{"timestamp_utc": "2026-03-26T05:20:07Z", "market_key": "SOL5M_2026-03-26T05:25:00Z", "condition_id": "0x909363cb5fd5f33ef83b762e7ef95a580ca1fa5973cfe5842aa22ecdfa87870a", "trade_id": "0x7ced3a7228248ac0ceb5d8d7c0507e17a3d81a725f7837980280aa9a2abad771:19092734076395065083380937170100865224604059470908845980436233213254877015281:1774502407", "side": "buy", "price": 0.42, "size": 10.0, "outcome": "down", "asset": "19092734076395065083380937170100865224604059470908845980436233213254877015281", "transaction_hash": "0x7ced3a7228248ac0ceb5d8d7c0507e17a3d81a725f7837980280aa9a2abad771", "source": "polymarket"}
{"timestamp_utc": "2026-03-26T05:20:07Z", "market_key": "SOL5M_2026-03-26T05:25:00Z", "condition_id": "0x909363cb5fd5f33ef83b762e7ef95a580ca1fa5973cfe5842aa22ecdfa87870a", "trade_id": "0xce3837fcae3ec1d20b226fd37c1d4009931941e5fd6bd5753ceb741ddff2775a:19092734076395065083380937170100865224604059470908845980436233213254877015281:1774502407", "side": "buy", "price": 0.4252294260980469, "size": 110.340433, "outcome": "down", "asset": "19092734076395065083380937170100865224604059470908845980436233213254877015281", "transaction_hash": "0xce3837fcae3ec1d20b226fd37c1d4009931941e5fd6bd5753ceb741ddff2775a", "source": "polymarket"}
{"timestamp_utc": "2026-03-26T05:20:07Z", "market_key": "SOL5M_2026-03-26T05:25:00Z", "condition_id": "0x909363cb5fd5f33ef83b762e7ef95a580ca1fa5973cfe5842aa22ecdfa87870a", "trade_id": "0x51e0afadba201c1c39be8d6006e3e861af820bc66b4a0b44d81f7ecefd5b70c9:55195168460081641645537927591025567217298785476601651868279282683915468359735:1774502407", "side": "buy", "price": 0.58, "size": 10.0, "outcome": "up", "asset": "55195168460081641645537927591025567217298785476601651868279282683915468359735", "transaction_hash": "0x51e0afadba201c1c39be8d6006e3e861af820bc66b4a0b44d81f7ecefd5b70c9", "source": "polymarket"}
{"timestamp_utc": "2026-03-26T05:20:09Z", "market_key": "SOL5M_2026-03-26T05:25:00Z", "condition_id": "0x909363cb5fd5f33ef83b762e7ef95a580ca1fa5973cfe5842aa22ecdfa87870a", "trade_id": "0xc77bf4eacaa7f5b64de172a7617439bab2642e8dc1626c21c4b1c2d88c0d7362:19092734076395065083380937170100865224604059470908845980436233213254877015281:1774502409", "side": "buy", "price": 0.444540692287241, "size": 12.822221, "outcome": "down", "asset": "19092734076395065083380937170100865224604059470908845980436233213254877015281", "transaction_hash": "0xc77bf4eacaa7f5b64de172a7617439bab2642e8dc1626c21c4b1c2d88c0d7362", "source": "polymarket"}
{"timestamp_utc": "2026-03-26T05:20:09Z", "market_key": "SOL5M_2026-03-26T05:25:00Z", "condition_id": "0x909363cb5fd5f33ef83b762e7ef95a580ca1fa5973cfe5842aa22ecdfa87870a", "trade_id": "0xb5897a850797aa9d348dbf342ab2b1763b0fcf2c5a12e202de8b3267cd129a69:19092734076395065083380937170100865224604059470908845980436233213254877015281:1774502409", "side": "buy", "price": 0.44999995538242804, "size": 7.844443, "outcome": "down", "asset": "19092734076395065083380937170100865224604059470908845980436233213254877015281", "transaction_hash": "0xb5897a850797aa9d348dbf342ab2b1763b0fcf2c5a12e202de8b3267cd129a69", "source": "polymarket"}
{"timestamp_utc": "2026-03-26T05:20:09Z", "market_key": "SOL5M_2026-03-26T05:25:00Z", "condition_id": "0x909363cb5fd5f33ef83b762e7ef95a580ca1fa5973cfe5842aa22ecdfa87870a", "trade_id": "0xec31da2ff68df1af444b08cd2b22bd0e9039279a356272426540b40c78382ced:55195168460081641645537927591025567217298785476601651868279282683915468359735:1774502409", "side": "buy", "price": 0.56, "size": 7.0, "outcome": "up", "asset": "55195168460081641645537927591025567217298785476601651868279282683915468359735", "transaction_hash": "0xec31da2ff68df1af444b08cd2b22bd0e9039279a356272426540b40c78382ced", "source": "polymarket"}
{"timestamp_utc": "2026-03-26T05:20:09Z", "market_key": "SOL5M_2026-03-26T05:25:00Z", "condition_id": "0x909363cb5fd5f33ef83b762e7ef95a580ca1fa5973cfe5842aa22ecdfa87870a", "trade_id": "0xb0c1872f6ab603f76f0723d14663c940a76cc23771b5f1b9d2dc7fef678e8f2c:55195168460081641645537927591025567217298785476601651868279282683915468359735:1774502409", "side": "buy", "price": 0.5555770491803279, "size": 61.0, "outcome": "up", "asset": "55195168460081641645537927591025567217298785476601651868279282683915468359735", "transaction_hash": "0xb0c1872f6ab603f76f0723d14663c940a76cc23771b5f1b9d2dc7fef678e8f2c", "source": "polymarket"}
{"timestamp_utc": "2026-03-26T05:20:09Z", "market_key": "SOL5M_2026-03-26T05:25:00Z", "condition_id": "0x909363cb5fd5f33ef83b762e7ef95a580ca1fa5973cfe5842aa22ecdfa87870a", "trade_id": "0x512e355303e736b6d92ef26911878f00ca744d34628af90ae626503c06e2b1b0:19092734076395065083380937170100865224604059470908845980436233213254877015281:1774502409", "side": "buy", "price": 0.45, "size": 5.0, "outcome": "down", "asset": "19092734076395065083380937170100865224604059470908845980436233213254877015281", "transaction_hash": "0x512e355303e736b6d92ef26911878f00ca744d34628af90ae626503c06e2b1b0", "source": "polymarket"}
{"timestamp_utc": "2026-03-26T05:20:09Z", "market_key": "SOL5M_2026-03-26T05:25:00Z", "condition_id": "0x909363cb5fd5f33ef83b762e7ef95a580ca1fa5973cfe5842aa22ecdfa87870a", "trade_id": "0xefb34897452332f1bbdf2da87ba9ed691a02e048545458fd4c3a82cc17cefd9c:55195168460081641645537927591025567217298785476601651868279282683915468359735:1774502409", "side": "buy", "price": 0.5599998712642494, "size": 3.10714, "outcome": "up", "asset": "55195168460081641645537927591025567217298785476601651868279282683915468359735", "transaction_hash": "0xefb34897452332f1bbdf2da87ba9ed691a02e048545458fd4c3a82cc17cefd9c", "source": "polymarket"}
{"timestamp_utc": "2026-03-26T05:20:09Z", "market_key": "SOL5M_2026-03-26T05:25:00Z", "condition_id": "0x909363cb5fd5f33ef83b762e7ef95a580ca1fa5973cfe5842aa22ecdfa87870a", "trade_id": "0x28da00cc64124438488fc84153f814d312a58f5b417bc10ba875e556615adbb0:19092734076395065083380937170100865224604059470908845980436233213254877015281:1774502409", "side": "buy", "price": 0.46, "size": 15.0, "outcome": "down", "asset": "19092734076395065083380937170100865224604059470908845980436233213254877015281", "transaction_hash": "0x28da00cc64124438488fc84153f814d312a58f5b417bc10ba875e556615adbb0", "source": "polymarket"}
{"timestamp_utc": "2026-03-26T05:20:09Z", "market_key": "SOL5M_2026-03-26T05:25:00Z", "condition_id": "0x909363cb5fd5f33ef83b762e7ef95a580ca1fa5973cfe5842aa22ecdfa87870a", "trade_id": "0x25c7425f8132eb1d08bd56fbe51a83bd4ee2d208478cee7113b5211d69cb461d:19092734076395065083380937170100865224604059470908845980436233213254877015281:1774502409", "side": "sell", "price": 0.43086175115207376, "size": 21.7, "outcome": "down", "asset": "19092734076395065083380937170100865224604059470908845980436233213254877015281", "transaction_hash": "0x25c7425f8132eb1d08bd56fbe51a83bd4ee2d208478cee7113b5211d69cb461d", "source": "polymarket"}
{"timestamp_utc": "2026-03-26T05:20:09Z", "market_key": "SOL5M_2026-03-26T05:25:00Z", "condition_id": "0x909363cb5fd5f33ef83b762e7ef95a580ca1fa5973cfe5842aa22ecdfa87870a", "trade_id": "0x6bfaff45f17a145bdd1b7239f087f9ea742f264372ce37a28b69ad62898ed41f:55195168460081641645537927591025567217298785476601651868279282683915468359735:1774502409", "side": "buy", "price": 0.56, "size": 5.0, "outcome": "up", "asset": "55195168460081641645537927591025567217298785476601651868279282683915468359735", "transaction_hash": "0x6bfaff45f17a145bdd1b7239f087f9ea742f264372ce37a28b69ad62898ed41f", "source": "polymarket"}
{"timestamp_utc": "2026-03-26T05:20:09Z", "market_key": "SOL5M_2026-03-26T05:25:00Z", "condition_id": "0x909363cb5fd5f33ef83b762e7ef95a580ca1fa5973cfe5842aa22ecdfa87870a", "trade_id": "0xfb8f4ac03642e11af81fd4deac6d1d463883e90fda438e25338c1491a73f339e:55195168460081641645537927591025567217298785476601651868279282683915468359735:1774502409", "side": "buy", "price": 0.55, "size": 7.2, "outcome": "up", "asset": "55195168460081641645537927591025567217298785476601651868279282683915468359735", "transaction_hash": "0xfb8f4ac03642e11af81fd4deac6d1d463883e90fda438e25338c1491a73f339e", "source": "polymarket"}
{"timestamp_utc": "2026-03-26T05:20:09Z", "market_key": "SOL5M_2026-03-26T05:25:00Z", "condition_id": "0x909363cb5fd5f33ef83b762e7ef95a580ca1fa5973cfe5842aa22ecdfa87870a", "trade_id": "0x20d49c2734870f272700c878b8157c366ec0586cbecc93830ba3ab0c984dd5c8:19092734076395065083380937170100865224604059470908845980436233213254877015281:1774502409", "side": "buy", "price": 0.46, "size": 15.0, "outcome": "down", "asset": "19092734076395065083380937170100865224604059470908845980436233213254877015281", "transaction_hash": "0x20d49c2734870f272700c878b8157c366ec0586cbecc93830ba3ab0c984dd5c8", "source": "polymarket"}
{"timestamp_utc": "2026-03-26T05:20:09Z", "market_key": "SOL5M_2026-03-26T05:25:00Z", "condition_id": "0x909363cb5fd5f33ef83b762e7ef95a580ca1fa5973cfe5842aa22ecdfa87870a", "trade_id": "0x6d09be33c485a5ef75fbb4792b941c49d81f4783f70535832e5a7d389bb3ae33:19092734076395065083380937170100865224604059470908845980436233213254877015281:1774502409", "side": "buy", "price": 0.46, "size": 18.0, "outcome": "down", "asset": "19092734076395065083380937170100865224604059470908845980436233213254877015281", "transaction_hash": "0x6d09be33c485a5ef75fbb4792b941c49d81f4783f70535832e5a7d389bb3ae33", "source": "polymarket"}
{"timestamp_utc": "2026-03-26T05:20:09Z", "market_key": "SOL5M_2026-03-26T05:25:00Z", "condition_id": "0x909363cb5fd5f33ef83b762e7ef95a580ca1fa5973cfe5842aa22ecdfa87870a", "trade_id": "0x8eed21d87cf4d6b3996b47aebdb1b29ad7e52c14886f1751b040174d4824ffdc:55195168460081641645537927591025567217298785476601651868279282683915468359735:1774502409", "side": "buy", "price": 0.55, "size": 1.81818, "outcome": "up", "asset": "55195168460081641645537927591025567217298785476601651868279282683915468359735", "transaction_hash": "0x8eed21d87cf4d6b3996b47aebdb1b29ad7e52c14886f1751b040174d4824ffdc", "source": "polymarket"}
{"timestamp_utc": "2026-03-26T05:20:11Z", "market_key": "SOL5M_2026-03-26T05:25:00Z", "condition_id": "0x909363cb5fd5f33ef83b762e7ef95a580ca1fa5973cfe5842aa22ecdfa87870a", "trade_id": "0x56f7cf348732fbdf60a0990290179b61dd77910fe93ed499836b5a23f9d81400:19092734076395065083380937170100865224604059470908845980436233213254877015281:1774502411", "side": "buy", "price": 0.44066666666666665, "size": 15.0, "outcome": "down", "asset": "19092734076395065083380937170100865224604059470908845980436233213254877015281", "transaction_hash": "0x56f7cf348732fbdf60a0990290179b61dd77910fe93ed499836b5a23f9d81400", "source": "polymarket"}
{"timestamp_utc": "2026-03-26T05:20:11Z", "market_key": "SOL5M_2026-03-26T05:25:00Z", "condition_id": "0x909363cb5fd5f33ef83b762e7ef95a580ca1fa5973cfe5842aa22ecdfa87870a", "trade_id": "0x726c64c4b5c94b99c6fba19af458d3a7c247706400458b672e5272b15603bc19:19092734076395065083380937170100865224604059470908845980436233213254877015281:1774502411", "side": "buy", "price": 0.45, "size": 15.0, "outcome": "down", "asset": "19092734076395065083380937170100865224604059470908845980436233213254877015281", "transaction_hash": "0x726c64c4b5c94b99c6fba19af458d3a7c247706400458b672e5272b15603bc19", "source": "polymarket"}
{"timestamp_utc": "2026-03-26T05:20:11Z", "market_key": "SOL5M_2026-03-26T05:25:00Z", "condition_id": "0x909363cb5fd5f33ef83b762e7ef95a580ca1fa5973cfe5842aa22ecdfa87870a", "trade_id": "0x64c7ca4210b6ef8a14282d2da21a59798d3f74eefb9ae726add116643c9e817f:19092734076395065083380937170100865224604059470908845980436233213254877015281:1774502411", "side": "buy", "price": 0.44, "size": 15.0, "outcome": "down", "asset": "19092734076395065083380937170100865224604059470908845980436233213254877015281", "transaction_hash": "0x64c7ca4210b6ef8a14282d2da21a59798d3f74eefb9ae726add116643c9e817f", "source": "polymarket"}
{"timestamp_utc": "2026-03-26T05:20:11Z", "market_key": "SOL5M_2026-03-26T05:25:00Z", "condition_id": "0x909363cb5fd5f33ef83b762e7ef95a580ca1fa5973cfe5842aa22ecdfa87870a", "trade_id": "0xa3c48361b3c4739d745c32630c4ef746520e60bd73f156c23a8419e32fad158d:19092734076395065083380937170100865224604059470908845980436233213254877015281:1774502411", "side": "buy", "price": 0.4399999717268981, "size": 5.659089, "outcome": "down", "asset": "19092734076395065083380937170100865224604059470908845980436233213254877015281", "transaction_hash": "0xa3c48361b3c4739d745c32630c4ef746520e60bd73f156c23a8419e32fad158d", "source": "polymarket"}
{"timestamp_utc": "2026-03-26T05:20:11Z", "market_key": "SOL5M_2026-03-26T05:25:00Z", "condition_id": "0x909363cb5fd5f33ef83b762e7ef95a580ca1fa5973cfe5842aa22ecdfa87870a", "trade_id": "0xc5c8d24ce431c05639820258e1aaf1c7b4532ec5ad8f05cb0d28154680fc027f:19092734076395065083380937170100865224604059470908845980436233213254877015281:1774502411", "side": "buy", "price": 0.44, "size": 14.0, "outcome": "down", "asset": "19092734076395065083380937170100865224604059470908845980436233213254877015281", "transaction_hash": "0xc5c8d24ce431c05639820258e1aaf1c7b4532ec5ad8f05cb0d28154680fc027f", "source": "polymarket"}
{"timestamp_utc": "2026-03-26T05:20:13Z", "market_key": "SOL5M_2026-03-26T05:25:00Z", "condition_id": "0x909363cb5fd5f33ef83b762e7ef95a580ca1fa5973cfe5842aa22ecdfa87870a", "trade_id": "0x8c7e9ed100a29b101f0e85624e07edcac32cc95dd60be4710871f667b079aef7:19092734076395065083380937170100865224604059470908845980436233213254877015281:1774502413", "side": "buy", "price": 0.4499999549999955, "size": 11.11111, "outcome": "down", "asset": "19092734076395065083380937170100865224604059470908845980436233213254877015281", "transaction_hash": "0x8c7e9ed100a29b101f0e85624e07edcac32cc95dd60be4710871f667b079aef7", "source": "polymarket"}
{"timestamp_utc": "2026-03-26T05:20:13Z", "market_key": "SOL5M_2026-03-26T05:25:00Z", "condition_id": "0x909363cb5fd5f33ef83b762e7ef95a580ca1fa5973cfe5842aa22ecdfa87870a", "trade_id": "0x6b1ef43719d0e2b6924e2e63e6af3aeda18732b093d5f99f65b24671cd781fbd:55195168460081641645537927591025567217298785476601651868279282683915468359735:1774502413", "side": "buy", "price": 0.57, "size": 5.0, "outcome": "up", "asset": "55195168460081641645537927591025567217298785476601651868279282683915468359735", "transaction_hash": "0x6b1ef43719d0e2b6924e2e63e6af3aeda18732b093d5f99f65b24671cd781fbd", "source": "polymarket"}
{"timestamp_utc": "2026-03-26T05:20:17Z", "market_key": "SOL5M_2026-03-26T05:25:00Z", "condition_id": "0x909363cb5fd5f33ef83b762e7ef95a580ca1fa5973cfe5842aa22ecdfa87870a", "trade_id": "0x4cfe61d447f8c90dc644c01e5ee14ffc0bd08281e367857d1d6cc26fc5922320:19092734076395065083380937170100865224604059470908845980436233213254877015281:1774502417", "side": "sell", "price": 0.39840909090909093, "size": 21.12, "outcome": "down", "asset": "19092734076395065083380937170100865224604059470908845980436233213254877015281", "transaction_hash": "0x4cfe61d447f8c90dc644c01e5ee14ffc0bd08281e367857d1d6cc26fc5922320", "source": "polymarket"}
{"timestamp_utc": "2026-03-26T05:20:17Z", "market_key": "SOL5M_2026-03-26T05:25:00Z", "condition_id": "0x909363cb5fd5f33ef83b762e7ef95a580ca1fa5973cfe5842aa22ecdfa87870a", "trade_id": "0x289da9053802031a8d6e88ae0dd647d865a6ea6c1c3c90eb19ca5786e99996c3:19092734076395065083380937170100865224604059470908845980436233213254877015281:1774502417", "side": "buy", "price": 0.45, "size": 10.0, "outcome": "down", "asset": "19092734076395065083380937170100865224604059470908845980436233213254877015281", "transaction_hash": "0x289da9053802031a8d6e88ae0dd647d865a6ea6c1c3c90eb19ca5786e99996c3", "source": "polymarket"}
{"timestamp_utc": "2026-03-26T05:20:21Z", "market_key": "SOL5M_2026-03-26T05:25:00Z", "condition_id": "0x909363cb5fd5f33ef83b762e7ef95a580ca1fa5973cfe5842aa22ecdfa87870a", "trade_id": "0x20e1ee994c777c6019c723c1e982364f22f2a27c5e99b7ecc58e760d6fd40de2:55195168460081641645537927591025567217298785476601651868279282683915468359735:1774502421", "side": "buy", "price": 0.6299999453999683, "size": 2.380951, "outcome": "up", "asset": "55195168460081641645537927591025567217298785476601651868279282683915468359735", "transaction_hash": "0x20e1ee994c777c6019c723c1e982364f22f2a27c5e99b7ecc58e760d6fd40de2", "source": "polymarket"}
{"timestamp_utc": "2026-03-26T05:20:21Z", "market_key": "SOL5M_2026-03-26T05:25:00Z", "condition_id": "0x909363cb5fd5f33ef83b762e7ef95a580ca1fa5973cfe5842aa22ecdfa87870a", "trade_id": "0xeafa2f7f622dd644c5430bea39010f59da09a4c23694589acc6ac61b8b24c02c:19092734076395065083380937170100865224604059470908845980436233213254877015281:1774502421", "side": "sell", "price": 0.37381263616557736, "size": 18.36, "outcome": "down", "asset": "19092734076395065083380937170100865224604059470908845980436233213254877015281", "transaction_hash": "0xeafa2f7f622dd644c5430bea39010f59da09a4c23694589acc6ac61b8b24c02c", "source": "polymarket"}
{"timestamp_utc": "2026-03-26T05:20:21Z", "market_key": "SOL5M_2026-03-26T05:25:00Z", "condition_id": "0x909363cb5fd5f33ef83b762e7ef95a580ca1fa5973cfe5842aa22ecdfa87870a", "trade_id": "0x31c0644455498b8009f168f0bbf052d45f8c27c391e01ca2620b32a6fdc2fda5:19092734076395065083380937170100865224604059470908845980436233213254877015281:1774502421", "side": "buy", "price": 0.43, "size": 5.0, "outcome": "down", "asset": "19092734076395065083380937170100865224604059470908845980436233213254877015281", "transaction_hash": "0x31c0644455498b8009f168f0bbf052d45f8c27c391e01ca2620b32a6fdc2fda5", "source": "polymarket"}
{"timestamp_utc": "2026-03-26T05:20:23Z", "market_key": "SOL5M_2026-03-26T05:25:00Z", "condition_id": "0x909363cb5fd5f33ef83b762e7ef95a580ca1fa5973cfe5842aa22ecdfa87870a", "trade_id": "0x0dd3f7f4183165e5bc504986fd4febe24c472d6a7b37a3e946c899b76305b594:55195168460081641645537927591025567217298785476601651868279282683915468359735:1774502423", "side": "buy", "price": 0.629999943110335, "size": 4.746029, "outcome": "up", "asset": "55195168460081641645537927591025567217298785476601651868279282683915468359735", "transaction_hash": "0x0dd3f7f4183165e5bc504986fd4febe24c472d6a7b37a3e946c899b76305b594", "source": "polymarket"}
{"timestamp_utc": "2026-03-26T05:20:23Z", "market_key": "SOL5M_2026-03-26T05:25:00Z", "condition_id": "0x909363cb5fd5f33ef83b762e7ef95a580ca1fa5973cfe5842aa22ecdfa87870a", "trade_id": "0xdd1102bd01334cb892d341fe3fecadf9cd633254828e5936a0ebfbedafde99d9:55195168460081641645537927591025567217298785476601651868279282683915468359735:1774502423", "side": "buy", "price": 0.63, "size": 10.0, "outcome": "up", "asset": "55195168460081641645537927591025567217298785476601651868279282683915468359735", "transaction_hash": "0xdd1102bd01334cb892d341fe3fecadf9cd633254828e5936a0ebfbedafde99d9", "source": "polymarket"}
{"timestamp_utc": "2026-03-26T05:20:23Z", "market_key": "SOL5M_2026-03-26T05:25:00Z", "condition_id": "0x909363cb5fd5f33ef83b762e7ef95a580ca1fa5973cfe5842aa22ecdfa87870a", "trade_id": "0x2a0403ee91e6400a4885e69d73f07a30f7ced58df729070e82ef334b1b8b2fd5:55195168460081641645537927591025567217298785476601651868279282683915468359735:1774502423", "side": "buy", "price": 0.63, "size": 5.0, "outcome": "up", "asset": "55195168460081641645537927591025567217298785476601651868279282683915468359735", "transaction_hash": "0x2a0403ee91e6400a4885e69d73f07a30f7ced58df729070e82ef334b1b8b2fd5", "source": "polymarket"}
{"timestamp_utc": "2026-03-26T05:20:23Z", "market_key": "SOL5M_2026-03-26T05:25:00Z", "condition_id": "0x909363cb5fd5f33ef83b762e7ef95a580ca1fa5973cfe5842aa22ecdfa87870a", "trade_id": "0xbad26231217523520ab6759df61c30b338f7f16d92a131ddec7704b370946964:55195168460081641645537927591025567217298785476601651868279282683915468359735:1774502423", "side": "buy", "price": 0.63, "size": 7.93, "outcome": "up", "asset": "55195168460081641645537927591025567217298785476601651868279282683915468359735", "transaction_hash": "0xbad26231217523520ab6759df61c30b338f7f16d92a131ddec7704b370946964", "source": "polymarket"}
{"timestamp_utc": "2026-03-26T05:20:25Z", "market_key": "SOL5M_2026-03-26T05:25:00Z", "condition_id": "0x909363cb5fd5f33ef83b762e7ef95a580ca1fa5973cfe5842aa22ecdfa87870a", "trade_id": "0x35de4ce3a31d9c8a4526c8d2fccaf52170267f8d692aacd8994b8bbb2fe82ce5:19092734076395065083380937170100865224604059470908845980436233213254877015281:1774502425", "side": "buy", "price": 0.38, "size": 5.0, "outcome": "down", "asset": "19092734076395065083380937170100865224604059470908845980436233213254877015281", "transaction_hash": "0x35de4ce3a31d9c8a4526c8d2fccaf52170267f8d692aacd8994b8bbb2fe82ce5", "source": "polymarket"}
{"timestamp_utc": "2026-03-26T05:20:27Z", "market_key": "SOL5M_2026-03-26T05:25:00Z", "condition_id": "0x909363cb5fd5f33ef83b762e7ef95a580ca1fa5973cfe5842aa22ecdfa87870a", "trade_id": "0x88a87902366cfc95f12464aa2cd986d1d961b68562505e004c84f305ec16de5f:55195168460081641645537927591025567217298785476601651868279282683915468359735:1774502427", "side": "buy", "price": 0.66, "size": 10.0, "outcome": "up", "asset": "55195168460081641645537927591025567217298785476601651868279282683915468359735", "transaction_hash": "0x88a87902366cfc95f12464aa2cd986d1d961b68562505e004c84f305ec16de5f", "source": "polymarket"}
{"timestamp_utc": "2026-03-26T05:20:27Z", "market_key": "SOL5M_2026-03-26T05:25:00Z", "condition_id": "0x909363cb5fd5f33ef83b762e7ef95a580ca1fa5973cfe5842aa22ecdfa87870a", "trade_id": "0x08c80b8ac021607fbaf51fbc5b2d30c7e82150d21b3c16cbfbe36ee6c5cb60bd:55195168460081641645537927591025567217298785476601651868279282683915468359735:1774502427", "side": "buy", "price": 0.6599999938028155, "size": 6.454544, "outcome": "up", "asset": "55195168460081641645537927591025567217298785476601651868279282683915468359735", "transaction_hash": "0x08c80b8ac021607fbaf51fbc5b2d30c7e82150d21b3c16cbfbe36ee6c5cb60bd", "source": "polymarket"}
{"timestamp_utc": "2026-03-26T05:20:27Z", "market_key": "SOL5M_2026-03-26T05:25:00Z", "condition_id": "0x909363cb5fd5f33ef83b762e7ef95a580ca1fa5973cfe5842aa22ecdfa87870a", "trade_id": "0x62a6a828fbfd5e1e94a71bea4fadd109c1bc30042efac8b4a4f8bf46f145cc71:19092734076395065083380937170100865224604059470908845980436233213254877015281:1774502427", "side": "sell", "price": 0.34, "size": 5.0, "outcome": "down", "asset": "19092734076395065083380937170100865224604059470908845980436233213254877015281", "transaction_hash": "0x62a6a828fbfd5e1e94a71bea4fadd109c1bc30042efac8b4a4f8bf46f145cc71", "source": "polymarket"}
{"timestamp_utc": "2026-03-26T05:20:27Z", "market_key": "SOL5M_2026-03-26T05:25:00Z", "condition_id": "0x909363cb5fd5f33ef83b762e7ef95a580ca1fa5973cfe5842aa22ecdfa87870a", "trade_id": "0xf34b45b58483d77c339f7ecdbdaf851501e5ef5e03867e7c950d9e00f78f9761:55195168460081641645537927591025567217298785476601651868279282683915468359735:1774502427", "side": "buy", "price": 0.65, "size": 5.0, "outcome": "up", "asset": "55195168460081641645537927591025567217298785476601651868279282683915468359735", "transaction_hash": "0xf34b45b58483d77c339f7ecdbdaf851501e5ef5e03867e7c950d9e00f78f9761", "source": "polymarket"}
{"timestamp_utc": "2026-03-26T05:20:29Z", "market_key": "SOL5M_2026-03-26T05:25:00Z", "condition_id": "0x909363cb5fd5f33ef83b762e7ef95a580ca1fa5973cfe5842aa22ecdfa87870a", "trade_id": "0x6dca9d9c6e32491e07b9678beaa65ca18b62bd62fce8dd4dd48560c8cec21070:19092734076395065083380937170100865224604059470908845980436233213254877015281:1774502429", "side": "buy", "price": 0.339999829999915, "size": 2.941175, "outcome": "down", "asset": "19092734076395065083380937170100865224604059470908845980436233213254877015281", "transaction_hash": "0x6dca9d9c6e32491e07b9678beaa65ca18b62bd62fce8dd4dd48560c8cec21070", "source": "polymarket"}
{"timestamp_utc": "2026-03-26T05:20:29Z", "market_key": "SOL5M_2026-03-26T05:25:00Z", "condition_id": "0x909363cb5fd5f33ef83b762e7ef95a580ca1fa5973cfe5842aa22ecdfa87870a", "trade_id": "0xda3276b721f642371a4724dd9d0d531a88e4286c8b5f7f2253d7c8ac2d8ef514:19092734076395065083380937170100865224604059470908845980436233213254877015281:1774502429", "side": "buy", "price": 0.3399999632799966, "size": 14.705881, "outcome": "down", "asset": "19092734076395065083380937170100865224604059470908845980436233213254877015281", "transaction_hash": "0xda3276b721f642371a4724dd9d0d531a88e4286c8b5f7f2253d7c8ac2d8ef514", "source": "polymarket"}
{"timestamp_utc": "2026-03-26T05:20:29Z", "market_key": "SOL5M_2026-03-26T05:25:00Z", "condition_id": "0x909363cb5fd5f33ef83b762e7ef95a580ca1fa5973cfe5842aa22ecdfa87870a", "trade_id": "0x51472df3d3490048c2b13e3c2ffa112952cdceb1d87231ae2ef3ff5ef5138441:55195168460081641645537927591025567217298785476601651868279282683915468359735:1774502429", "side": "buy", "price": 0.68, "size": 10.0, "outcome": "up", "asset": "55195168460081641645537927591025567217298785476601651868279282683915468359735", "transaction_hash": "0x51472df3d3490048c2b13e3c2ffa112952cdceb1d87231ae2ef3ff5ef5138441", "source": "polymarket"}
{"timestamp_utc": "2026-03-26T05:20:29Z", "market_key": "SOL5M_2026-03-26T05:25:00Z", "condition_id": "0x909363cb5fd5f33ef83b762e7ef95a580ca1fa5973cfe5842aa22ecdfa87870a", "trade_id": "0x3bd3dad7178bdc68b6e37034eded0759aea0cb79ecb14ca3b584283601cbc7f6:19092734076395065083380937170100865224604059470908845980436233213254877015281:1774502429", "side": "sell", "price": 0.32, "size": 5.0, "outcome": "down", "asset": "19092734076395065083380937170100865224604059470908845980436233213254877015281", "transaction_hash": "0x3bd3dad7178bdc68b6e37034eded0759aea0cb79ecb14ca3b584283601cbc7f6", "source": "polymarket"}
{"timestamp_utc": "2026-03-26T05:20:31Z", "market_key": "SOL5M_2026-03-26T05:25:00Z", "condition_id": "0x909363cb5fd5f33ef83b762e7ef95a580ca1fa5973cfe5842aa22ecdfa87870a", "trade_id": "0x64cb428e1ae75563e470911aa42aecd2db38ae861a43b9828f5a16489c369f30:19092734076395065083380937170100865224604059470908845980436233213254877015281:1774502431", "side": "buy", "price": 0.3399999632799966, "size": 14.705881, "outcome": "down", "asset": "19092734076395065083380937170100865224604059470908845980436233213254877015281", "transaction_hash": "0x64cb428e1ae75563e470911aa42aecd2db38ae861a43b9828f5a16489c369f30", "source": "polymarket"}
{"timestamp_utc": "2026-03-26T05:20:33Z", "market_key": "SOL5M_2026-03-26T05:25:00Z", "condition_id": "0x909363cb5fd5f33ef83b762e7ef95a580ca1fa5973cfe5842aa22ecdfa87870a", "trade_id": "0xc8d70d875bb8e0a85c205cd685911c8f1223ae64b6e5fd088fc9711f2c5befb6:19092734076395065083380937170100865224604059470908845980436233213254877015281:1774502433", "side": "sell", "price": 0.3181008100810081, "size": 22.22, "outcome": "down", "asset": "19092734076395065083380937170100865224604059470908845980436233213254877015281", "transaction_hash": "0xc8d70d875bb8e0a85c205cd685911c8f1223ae64b6e5fd088fc9711f2c5befb6", "source": "polymarket"}
{"timestamp_utc": "2026-03-26T05:20:33Z", "market_key": "SOL5M_2026-03-26T05:25:00Z", "condition_id": "0x909363cb5fd5f33ef83b762e7ef95a580ca1fa5973cfe5842aa22ecdfa87870a", "trade_id": "0xf67470fad211ea335d9c8321d8ec6aa4ab4c7811ce57890cd6513a3c5a1aa0e6:55195168460081641645537927591025567217298785476601651868279282683915468359735:1774502433", "side": "buy", "price": 0.7, "size": 10.0, "outcome": "up", "asset": "55195168460081641645537927591025567217298785476601651868279282683915468359735", "transaction_hash": "0xf67470fad211ea335d9c8321d8ec6aa4ab4c7811ce57890cd6513a3c5a1aa0e6", "source": "polymarket"}
{"timestamp_utc": "2026-03-26T05:20:33Z", "market_key": "SOL5M_2026-03-26T05:25:00Z", "condition_id": "0x909363cb5fd5f33ef83b762e7ef95a580ca1fa5973cfe5842aa22ecdfa87870a", "trade_id": "0xd27d67e373883f0f39ed75e1f1a7b646fd85db4e6b11d370485c625b1f145ea9:19092734076395065083380937170100865224604059470908845980436233213254877015281:1774502433", "side": "buy", "price": 0.32, "size": 7.65625, "outcome": "down", "asset": "19092734076395065083380937170100865224604059470908845980436233213254877015281", "transaction_hash": "0xd27d67e373883f0f39ed75e1f1a7b646fd85db4e6b11d370485c625b1f145ea9", "source": "polymarket"}
{"timestamp_utc": "2026-03-26T05:20:33Z", "market_key": "SOL5M_2026-03-26T05:25:00Z", "condition_id": "0x909363cb5fd5f33ef83b762e7ef95a580ca1fa5973cfe5842aa22ecdfa87870a", "trade_id": "0xf22776ba298cddb912998e1f55142e7d8d9959299478c122e91928c02d71d401:19092734076395065083380937170100865224604059470908845980436233213254877015281:1774502433", "side": "buy", "price": 0.32, "size": 8.53125, "outcome": "down", "asset": "19092734076395065083380937170100865224604059470908845980436233213254877015281", "transaction_hash": "0xf22776ba298cddb912998e1f55142e7d8d9959299478c122e91928c02d71d401", "source": "polymarket"}
{"timestamp_utc": "2026-03-26T05:20:35Z", "market_key": "SOL5M_2026-03-26T05:25:00Z", "condition_id": "0x909363cb5fd5f33ef83b762e7ef95a580ca1fa5973cfe5842aa22ecdfa87870a", "trade_id": "0x29862d2e630f9def7b11781ffa594a4f83b76077785c6e01a6eaf0309dce6b8c:19092734076395065083380937170100865224604059470908845980436233213254877015281:1774502435", "side": "buy", "price": 0.3099999079687294, "size": 6.193547, "outcome": "down", "asset": "19092734076395065083380937170100865224604059470908845980436233213254877015281", "transaction_hash": "0x29862d2e630f9def7b11781ffa594a4f83b76077785c6e01a6eaf0309dce6b8c", "source": "polymarket"}
{"timestamp_utc": "2026-03-26T05:20:35Z", "market_key": "SOL5M_2026-03-26T05:25:00Z", "condition_id": "0x909363cb5fd5f33ef83b762e7ef95a580ca1fa5973cfe5842aa22ecdfa87870a", "trade_id": "0x1b596ee92bc927ed9ba7610c310ffcb40fcf853addc216450cf04628d7912693:55195168460081641645537927591025567217298785476601651868279282683915468359735:1774502435", "side": "buy", "price": 0.7198501125201321, "size": 138.917807, "outcome": "up", "asset": "55195168460081641645537927591025567217298785476601651868279282683915468359735", "transaction_hash": "0x1b596ee92bc927ed9ba7610c310ffcb40fcf853addc216450cf04628d7912693", "source": "polymarket"}
{"timestamp_utc": "2026-03-26T05:20:35Z", "market_key": "SOL5M_2026-03-26T05:25:00Z", "condition_id": "0x909363cb5fd5f33ef83b762e7ef95a580ca1fa5973cfe5842aa22ecdfa87870a", "trade_id": "0xc53aae1d0be3c0a268d95a44a1fdde511993c6f977a510adef33ada64687170b:55195168460081641645537927591025567217298785476601651868279282683915468359735:1774502435", "side": "buy", "price": 0.73, "size": 10.0, "outcome": "up", "asset": "55195168460081641645537927591025567217298785476601651868279282683915468359735", "transaction_hash": "0xc53aae1d0be3c0a268d95a44a1fdde511993c6f977a510adef33ada64687170b", "source": "polymarket"}
{"timestamp_utc": "2026-03-26T05:20:35Z", "market_key": "SOL5M_2026-03-26T05:25:00Z", "condition_id": "0x909363cb5fd5f33ef83b762e7ef95a580ca1fa5973cfe5842aa22ecdfa87870a", "trade_id": "0x3910f88929134cf730dbf10ffbc93c96ca1adc149602be651e755e463cb8feea:55195168460081641645537927591025567217298785476601651868279282683915468359735:1774502435", "side": "buy", "price": 0.7199999654399878, "size": 6.944442, "outcome": "up", "asset": "55195168460081641645537927591025567217298785476601651868279282683915468359735", "transaction_hash": "0x3910f88929134cf730dbf10ffbc93c96ca1adc149602be651e755e463cb8feea", "source": "polymarket"}
{"timestamp_utc": "2026-03-26T05:20:37Z", "market_key": "SOL5M_2026-03-26T05:25:00Z", "condition_id": "0x909363cb5fd5f33ef83b762e7ef95a580ca1fa5973cfe5842aa22ecdfa87870a", "trade_id": "0x0dbdd9e6b34af927313b9bd097ff1e5f02eb2b88728f4973f993ee91dcbace01:19092734076395065083380937170100865224604059470908845980436233213254877015281:1774502437", "side": "buy", "price": 0.29999986363630166, "size": 3.666665, "outcome": "down", "asset": "19092734076395065083380937170100865224604059470908845980436233213254877015281", "transaction_hash": "0x0dbdd9e6b34af927313b9bd097ff1e5f02eb2b88728f4973f993ee91dcbace01", "source": "polymarket"}
{"timestamp_utc": "2026-03-26T05:20:39Z", "market_key": "SOL5M_2026-03-26T05:25:00Z", "condition_id": "0x909363cb5fd5f33ef83b762e7ef95a580ca1fa5973cfe5842aa22ecdfa87870a", "trade_id": "0xa631541c8b093252781cfd871956bbbd855e10edaf550ca78feb49bd85a158c1:19092734076395065083380937170100865224604059470908845980436233213254877015281:1774502439", "side": "sell", "price": 0.25, "size": 16.69, "outcome": "down", "asset": "19092734076395065083380937170100865224604059470908845980436233213254877015281", "transaction_hash": "0xa631541c8b093252781cfd871956bbbd855e10edaf550ca78feb49bd85a158c1", "source": "polymarket"}
{"timestamp_utc": "2026-03-26T05:20:39Z", "market_key": "SOL5M_2026-03-26T05:25:00Z", "condition_id": "0x909363cb5fd5f33ef83b762e7ef95a580ca1fa5973cfe5842aa22ecdfa87870a", "trade_id": "0xd80ec22d43b922de807bb2099a0b6f90c034f81081c911eceb5c15b186bf09b4:55195168460081641645537927591025567217298785476601651868279282683915468359735:1774502439", "side": "buy", "price": 0.7599998733331433, "size": 1.578945, "outcome": "up", "asset": "55195168460081641645537927591025567217298785476601651868279282683915468359735", "transaction_hash": "0xd80ec22d43b922de807bb2099a0b6f90c034f81081c911eceb5c15b186bf09b4", "source": "polymarket"}
{"timestamp_utc": "2026-03-26T05:20:39Z", "market_key": "SOL5M_2026-03-26T05:25:00Z", "condition_id": "0x909363cb5fd5f33ef83b762e7ef95a580ca1fa5973cfe5842aa22ecdfa87870a", "trade_id": "0x0083d9f6fe8048a9ece19a22fb37e40964ac5e2086377df591c823921b970729:55195168460081641645537927591025567217298785476601651868279282683915468359735:1774502439", "side": "buy", "price": 0.75869, "size": 10.0, "outcome": "up", "asset": "55195168460081641645537927591025567217298785476601651868279282683915468359735", "transaction_hash": "0x0083d9f6fe8048a9ece19a22fb37e40964ac5e2086377df591c823921b970729", "source": "polymarket"}
{"timestamp_utc": "2026-03-26T05:20:39Z", "market_key": "SOL5M_2026-03-26T05:25:00Z", "condition_id": "0x909363cb5fd5f33ef83b762e7ef95a580ca1fa5973cfe5842aa22ecdfa87870a", "trade_id": "0x14761eb12cc284f346850a5f7d4745e4e70daa1beb3057365c438532c90411a8:19092734076395065083380937170100865224604059470908845980436233213254877015281:1774502439", "side": "sell", "price": 0.27, "size": 3.57, "outcome": "down", "asset": "19092734076395065083380937170100865224604059470908845980436233213254877015281", "transaction_hash": "0x14761eb12cc284f346850a5f7d4745e4e70daa1beb3057365c438532c90411a8", "source": "polymarket"}
{"timestamp_utc": "2026-03-26T05:20:41Z", "market_key": "SOL5M_2026-03-26T05:25:00Z", "condition_id": "0x909363cb5fd5f33ef83b762e7ef95a580ca1fa5973cfe5842aa22ecdfa87870a", "trade_id": "0x25561fe44a92a7d9b38a0cd40623960525113927b0bb6f9d42693dfa29da9db1:55195168460081641645537927591025567217298785476601651868279282683915468359735:1774502441", "side": "buy", "price": 0.76, "size": 10.0, "outcome": "up", "asset": "55195168460081641645537927591025567217298785476601651868279282683915468359735", "transaction_hash": "0x25561fe44a92a7d9b38a0cd40623960525113927b0bb6f9d42693dfa29da9db1", "source": "polymarket"}
{"timestamp_utc": "2026-03-26T05:20:41Z", "market_key": "SOL5M_2026-03-26T05:25:00Z", "condition_id": "0x909363cb5fd5f33ef83b762e7ef95a580ca1fa5973cfe5842aa22ecdfa87870a", "trade_id": "0xcd5344fc073c2c4a339e4ae023755c3416db85c9ff161fb9c9c59c4a95fe8c15:55195168460081641645537927591025567217298785476601651868279282683915468359735:1774502441", "side": "sell", "price": 0.72, "size": 0.8, "outcome": "up", "asset": "55195168460081641645537927591025567217298785476601651868279282683915468359735", "transaction_hash": "0xcd5344fc073c2c4a339e4ae023755c3416db85c9ff161fb9c9c59c4a95fe8c15", "source": "polymarket"}
{"timestamp_utc": "2026-03-26T05:20:41Z", "market_key": "SOL5M_2026-03-26T05:25:00Z", "condition_id": "0x909363cb5fd5f33ef83b762e7ef95a580ca1fa5973cfe5842aa22ecdfa87870a", "trade_id": "0x3ff2995668dfe3ff13aa3c51f809c348871adc1fa1bc8d53598b6387bc1ca351:19092734076395065083380937170100865224604059470908845980436233213254877015281:1774502441", "side": "buy", "price": 0.2672127769191139, "size": 19.41, "outcome": "down", "asset": "19092734076395065083380937170100865224604059470908845980436233213254877015281", "transaction_hash": "0x3ff2995668dfe3ff13aa3c51f809c348871adc1fa1bc8d53598b6387bc1ca351", "source": "polymarket"}
{"timestamp_utc": "2026-03-26T05:20:41Z", "market_key": "SOL5M_2026-03-26T05:25:00Z", "condition_id": "0x909363cb5fd5f33ef83b762e7ef95a580ca1fa5973cfe5842aa22ecdfa87870a", "trade_id": "0x03aad15799cb4388b3d4027d9e36a047c7f4a8c9add5ff0f1e0880b38dff5462:55195168460081641645537927591025567217298785476601651868279282683915468359735:1774502441", "side": "buy", "price": 0.74, "size": 13.35135, "outcome": "up", "asset": "55195168460081641645537927591025567217298785476601651868279282683915468359735", "transaction_hash": "0x03aad15799cb4388b3d4027d9e36a047c7f4a8c9add5ff0f1e0880b38dff5462", "source": "polymarket"}
{"timestamp_utc": "2026-03-26T05:20:41Z", "market_key": "SOL5M_2026-03-26T05:25:00Z", "condition_id": "0x909363cb5fd5f33ef83b762e7ef95a580ca1fa5973cfe5842aa22ecdfa87870a", "trade_id": "0x85ee4f86182315f860c4906a9ff893e0481b6a63757d04f86a333e452a6a3a5d:55195168460081641645537927591025567217298785476601651868279282683915468359735:1774502441", "side": "buy", "price": 0.73, "size": 27.89, "outcome": "up", "asset": "55195168460081641645537927591025567217298785476601651868279282683915468359735", "transaction_hash": "0x85ee4f86182315f860c4906a9ff893e0481b6a63757d04f86a333e452a6a3a5d", "source": "polymarket"}
{"timestamp_utc": "2026-03-26T05:20:41Z", "market_key": "SOL5M_2026-03-26T05:25:00Z", "condition_id": "0x909363cb5fd5f33ef83b762e7ef95a580ca1fa5973cfe5842aa22ecdfa87870a", "trade_id": "0x34ed7cb28239525fa28e2d4b13a0a341405085dd6d4011a271df06b5304fc8e2:55195168460081641645537927591025567217298785476601651868279282683915468359735:1774502441", "side": "buy", "price": 0.729999987589999, "size": 13.698629, "outcome": "up", "asset": "55195168460081641645537927591025567217298785476601651868279282683915468359735", "transaction_hash": "0x34ed7cb28239525fa28e2d4b13a0a341405085dd6d4011a271df06b5304fc8e2", "source": "polymarket"}
{"timestamp_utc": "2026-03-26T05:20:41Z", "market_key": "SOL5M_2026-03-26T05:25:00Z", "condition_id": "0x909363cb5fd5f33ef83b762e7ef95a580ca1fa5973cfe5842aa22ecdfa87870a", "trade_id": "0xd478ff5f3d9498f08f18554537807c2f786e60001aee64809ed2214e1a19f4b8:19092734076395065083380937170100865224604059470908845980436233213254877015281:1774502441", "side": "sell", "price": 0.25, "size": 2.9, "outcome": "down", "asset": "19092734076395065083380937170100865224604059470908845980436233213254877015281", "transaction_hash": "0xd478ff5f3d9498f08f18554537807c2f786e60001aee64809ed2214e1a19f4b8", "source": "polymarket"}
{"timestamp_utc": "2026-03-26T05:20:41Z", "market_key": "SOL5M_2026-03-26T05:25:00Z", "condition_id": "0x909363cb5fd5f33ef83b762e7ef95a580ca1fa5973cfe5842aa22ecdfa87870a", "trade_id": "0x4c0a038f0f623e8f4b0f75a04a7b7312afb30c38d977d6f1fd568070f3cd3e62:19092734076395065083380937170100865224604059470908845980436233213254877015281:1774502441", "side": "sell", "price": 0.25, "size": 14.7, "outcome": "down", "asset": "19092734076395065083380937170100865224604059470908845980436233213254877015281", "transaction_hash": "0x4c0a038f0f623e8f4b0f75a04a7b7312afb30c38d977d6f1fd568070f3cd3e62", "source": "polymarket"}
{"timestamp_utc": "2026-03-26T05:20:51Z", "market_key": "SOL5M_2026-03-26T05:25:00Z", "condition_id": "0x909363cb5fd5f33ef83b762e7ef95a580ca1fa5973cfe5842aa22ecdfa87870a", "trade_id": "0xcbe823affc78cccc405cb54016d230884d966a63ca30f50f8d56856cd21fc734:55195168460081641645537927591025567217298785476601651868279282683915468359735:1774502451", "side": "buy", "price": 0.75, "size": 1.6, "outcome": "up", "asset": "55195168460081641645537927591025567217298785476601651868279282683915468359735", "transaction_hash": "0xcbe823affc78cccc405cb54016d230884d966a63ca30f50f8d56856cd21fc734", "source": "polymarket"}
{"timestamp_utc": "2026-03-26T05:20:51Z", "market_key": "SOL5M_2026-03-26T05:25:00Z", "condition_id": "0x909363cb5fd5f33ef83b762e7ef95a580ca1fa5973cfe5842aa22ecdfa87870a", "trade_id": "0x29d179bda4de4f4ef2420506ae4e687cfbb0efbee8ac0d696485270ad9919f9c:19092734076395065083380937170100865224604059470908845980436233213254877015281:1774502451", "side": "sell", "price": 0.25, "size": 2.0, "outcome": "down", "asset": "19092734076395065083380937170100865224604059470908845980436233213254877015281", "transaction_hash": "0x29d179bda4de4f4ef2420506ae4e687cfbb0efbee8ac0d696485270ad9919f9c", "source": "polymarket"}
{"timestamp_utc": "2026-03-26T05:20:53Z", "market_key": "SOL5M_2026-03-26T05:25:00Z", "condition_id": "0x909363cb5fd5f33ef83b762e7ef95a580ca1fa5973cfe5842aa22ecdfa87870a", "trade_id": "0x48ff678024c604ebbb6389e53c32775daf0359fb7363fc4c09ac31c371d8a12b:19092734076395065083380937170100865224604059470908845980436233213254877015281:1774502453", "side": "buy", "price": 0.28, "size": 32.0, "outcome": "down", "asset": "19092734076395065083380937170100865224604059470908845980436233213254877015281", "transaction_hash": "0x48ff678024c604ebbb6389e53c32775daf0359fb7363fc4c09ac31c371d8a12b", "source": "polymarket"}
{"timestamp_utc": "2026-03-26T05:20:53Z", "market_key": "SOL5M_2026-03-26T05:25:00Z", "condition_id": "0x909363cb5fd5f33ef83b762e7ef95a580ca1fa5973cfe5842aa22ecdfa87870a", "trade_id": "0x83698085f10d03b25ddcacdc7b83094ce1af7e2e118572e310ac6a1d824aae3f:19092734076395065083380937170100865224604059470908845980436233213254877015281:1774502453", "side": "buy", "price": 0.28, "size": 20.25, "outcome": "down", "asset": "19092734076395065083380937170100865224604059470908845980436233213254877015281", "transaction_hash": "0x83698085f10d03b25ddcacdc7b83094ce1af7e2e118572e310ac6a1d824aae3f", "source": "polymarket"}
{"timestamp_utc": "2026-03-26T05:20:53Z", "market_key": "SOL5M_2026-03-26T05:25:00Z", "condition_id": "0x909363cb5fd5f33ef83b762e7ef95a580ca1fa5973cfe5842aa22ecdfa87870a", "trade_id": "0x8df7a8c47a126b0090f174d9b03189c25e29ca548b3994efae2d96a4ccb16f32:19092734076395065083380937170100865224604059470908845980436233213254877015281:1774502453", "side": "buy", "price": 0.27, "size": 6.8, "outcome": "down", "asset": "19092734076395065083380937170100865224604059470908845980436233213254877015281", "transaction_hash": "0x8df7a8c47a126b0090f174d9b03189c25e29ca548b3994efae2d96a4ccb16f32", "source": "polymarket"}
{"timestamp_utc": "2026-03-26T05:20:53Z", "market_key": "SOL5M_2026-03-26T05:25:00Z", "condition_id": "0x909363cb5fd5f33ef83b762e7ef95a580ca1fa5973cfe5842aa22ecdfa87870a", "trade_id": "0x40101db020fa84fcabdcc8072dcdd490c1043bb6171c22a8ba828b80588a1660:19092734076395065083380937170100865224604059470908845980436233213254877015281:1774502453", "side": "buy", "price": 0.2699999015624846, "size": 7.11111, "outcome": "down", "asset": "19092734076395065083380937170100865224604059470908845980436233213254877015281", "transaction_hash": "0x40101db020fa84fcabdcc8072dcdd490c1043bb6171c22a8ba828b80588a1660", "source": "polymarket"}
{"timestamp_utc": "2026-03-26T05:20:53Z", "market_key": "SOL5M_2026-03-26T05:25:00Z", "condition_id": "0x909363cb5fd5f33ef83b762e7ef95a580ca1fa5973cfe5842aa22ecdfa87870a", "trade_id": "0xe8c7de89af30e375ec9208ef69ae752800c3cdc595872b6778e24e65e110968d:19092734076395065083380937170100865224604059470908845980436233213254877015281:1774502453", "side": "buy", "price": 0.26999989963349263, "size": 7.074073, "outcome": "down", "asset": "19092734076395065083380937170100865224604059470908845980436233213254877015281", "transaction_hash": "0xe8c7de89af30e375ec9208ef69ae752800c3cdc595872b6778e24e65e110968d", "source": "polymarket"}
{"timestamp_utc": "2026-03-26T05:20:55Z", "market_key": "SOL5M_2026-03-26T05:25:00Z", "condition_id": "0x909363cb5fd5f33ef83b762e7ef95a580ca1fa5973cfe5842aa22ecdfa87870a", "trade_id": "0x452354d5c61dc3f9bb80b1f49e01158bb8003c490fb19e5e5e4c16d3d1c8e42d:55195168460081641645537927591025567217298785476601651868279282683915468359735:1774502455", "side": "buy", "price": 0.67, "size": 32.0, "outcome": "up", "asset": "55195168460081641645537927591025567217298785476601651868279282683915468359735", "transaction_hash": "0x452354d5c61dc3f9bb80b1f49e01158bb8003c490fb19e5e5e4c16d3d1c8e42d", "source": "polymarket"}
{"timestamp_utc": "2026-03-26T05:20:55Z", "market_key": "SOL5M_2026-03-26T05:25:00Z", "condition_id": "0x909363cb5fd5f33ef83b762e7ef95a580ca1fa5973cfe5842aa22ecdfa87870a", "trade_id": "0xfcc166722af47f3beedeef087c198dde8b1a88bcb1f58f299a1720c902867fd2:19092734076395065083380937170100865224604059470908845980436233213254877015281:1774502455", "side": "buy", "price": 0.32999981803731343, "size": 3.242423, "outcome": "down", "asset": "19092734076395065083380937170100865224604059470908845980436233213254877015281", "transaction_hash": "0xfcc166722af47f3beedeef087c198dde8b1a88bcb1f58f299a1720c902867fd2", "source": "polymarket"}
{"timestamp_utc": "2026-03-26T05:20:55Z", "market_key": "SOL5M_2026-03-26T05:25:00Z", "condition_id": "0x909363cb5fd5f33ef83b762e7ef95a580ca1fa5973cfe5842aa22ecdfa87870a", "trade_id": "0x252ec276220f66878cec3ae5ff1b68200db600f5e16010ef2ea33e821d45f9c1:19092734076395065083380937170100865224604059470908845980436233213254877015281:1774502455", "side": "buy", "price": 0.33, "size": 8.75, "outcome": "down", "asset": "19092734076395065083380937170100865224604059470908845980436233213254877015281", "transaction_hash": "0x252ec276220f66878cec3ae5ff1b68200db600f5e16010ef2ea33e821d45f9c1", "source": "polymarket"}
{"timestamp_utc": "2026-03-26T05:20:55Z", "market_key": "SOL5M_2026-03-26T05:25:00Z", "condition_id": "0x909363cb5fd5f33ef83b762e7ef95a580ca1fa5973cfe5842aa22ecdfa87870a", "trade_id": "0x59746e2df8eb197f9342c1de9deecb034694c9af0666019ae6b51be4fa164838:19092734076395065083380937170100865224604059470908845980436233213254877015281:1774502455", "side": "buy", "price": 0.3, "size": 7.0, "outcome": "down", "asset": "19092734076395065083380937170100865224604059470908845980436233213254877015281", "transaction_hash": "0x59746e2df8eb197f9342c1de9deecb034694c9af0666019ae6b51be4fa164838", "source": "polymarket"}
{"timestamp_utc": "2026-03-26T05:20:55Z", "market_key": "SOL5M_2026-03-26T05:25:00Z", "condition_id": "0x909363cb5fd5f33ef83b762e7ef95a580ca1fa5973cfe5842aa22ecdfa87870a", "trade_id": "0xb97f7b2ba08ee7ba171827a7481e4660ef2bf6e282ce415da8168f1da08cc767:19092734076395065083380937170100865224604059470908845980436233213254877015281:1774502455", "side": "buy", "price": 0.28110835564487563, "size": 24.652412, "outcome": "down", "asset": "19092734076395065083380937170100865224604059470908845980436233213254877015281", "transaction_hash": "0xb97f7b2ba08ee7ba171827a7481e4660ef2bf6e282ce415da8168f1da08cc767", "source": "polymarket"}
{"timestamp_utc": "2026-03-26T05:20:55Z", "market_key": "SOL5M_2026-03-26T05:25:00Z", "condition_id": "0x909363cb5fd5f33ef83b762e7ef95a580ca1fa5973cfe5842aa22ecdfa87870a", "trade_id": "0x52aa93d1653d9ca300147ef3ef86a633f54214cb5d35d74d4c60dee52980a2a3:19092734076395065083380937170100865224604059470908845980436233213254877015281:1774502455", "side": "buy", "price": 0.32, "size": 12.15, "outcome": "down", "asset": "19092734076395065083380937170100865224604059470908845980436233213254877015281", "transaction_hash": "0x52aa93d1653d9ca300147ef3ef86a633f54214cb5d35d74d4c60dee52980a2a3", "source": "polymarket"}
{"timestamp_utc": "2026-03-26T05:20:55Z", "market_key": "SOL5M_2026-03-26T05:25:00Z", "condition_id": "0x909363cb5fd5f33ef83b762e7ef95a580ca1fa5973cfe5842aa22ecdfa87870a", "trade_id": "0xb78922108b99db929ddcb15106a36f10fc463c00e77559e144e86aeed45aadac:19092734076395065083380937170100865224604059470908845980436233213254877015281:1774502455", "side": "buy", "price": 0.3, "size": 1.74, "outcome": "down", "asset": "19092734076395065083380937170100865224604059470908845980436233213254877015281", "transaction_hash": "0xb78922108b99db929ddcb15106a36f10fc463c00e77559e144e86aeed45aadac", "source": "polymarket"}
{"timestamp_utc": "2026-03-26T05:20:55Z", "market_key": "SOL5M_2026-03-26T05:25:00Z", "condition_id": "0x909363cb5fd5f33ef83b762e7ef95a580ca1fa5973cfe5842aa22ecdfa87870a", "trade_id": "0x6a846cbbc3c4f34b2af8029b3be3cff32317e935ef9ff261162810486e237436:19092734076395065083380937170100865224604059470908845980436233213254877015281:1774502455", "side": "buy", "price": 0.2899999369565126, "size": 9.51724, "outcome": "down", "asset": "19092734076395065083380937170100865224604059470908845980436233213254877015281", "transaction_hash": "0x6a846cbbc3c4f34b2af8029b3be3cff32317e935ef9ff261162810486e237436", "source": "polymarket"}
{"timestamp_utc": "2026-03-26T05:20:55Z", "market_key": "SOL5M_2026-03-26T05:25:00Z", "condition_id": "0x909363cb5fd5f33ef83b762e7ef95a580ca1fa5973cfe5842aa22ecdfa87870a", "trade_id": "0xc3ba1e18157921d5821a34abd2ae0c2c3564fb15226ac4a7efac3a28d3937a4e:55195168460081641645537927591025567217298785476601651868279282683915468359735:1774502455", "side": "buy", "price": 0.71, "size": 3.1, "outcome": "up", "asset": "55195168460081641645537927591025567217298785476601651868279282683915468359735", "transaction_hash": "0xc3ba1e18157921d5821a34abd2ae0c2c3564fb15226ac4a7efac3a28d3937a4e", "source": "polymarket"}
{"timestamp_utc": "2026-03-26T05:20:55Z", "market_key": "SOL5M_2026-03-26T05:25:00Z", "condition_id": "0x909363cb5fd5f33ef83b762e7ef95a580ca1fa5973cfe5842aa22ecdfa87870a", "trade_id": "0xca805d4dad045bf50ad19039ecd9c2ce3e3ba4af136a255fc78dbc660169802f:55195168460081641645537927591025567217298785476601651868279282683915468359735:1774502455", "side": "buy", "price": 0.7055, "size": 18.0, "outcome": "up", "asset": "55195168460081641645537927591025567217298785476601651868279282683915468359735", "transaction_hash": "0xca805d4dad045bf50ad19039ecd9c2ce3e3ba4af136a255fc78dbc660169802f", "source": "polymarket"}
{"timestamp_utc": "2026-03-26T05:20:55Z", "market_key": "SOL5M_2026-03-26T05:25:00Z", "condition_id": "0x909363cb5fd5f33ef83b762e7ef95a580ca1fa5973cfe5842aa22ecdfa87870a", "trade_id": "0x91209b8740f9c86324f5a56b69c81ab34792f8241babb8c18488196e4450edf1:55195168460081641645537927591025567217298785476601651868279282683915468359735:1774502455", "side": "buy", "price": 0.71, "size": 15.0, "outcome": "up", "asset": "55195168460081641645537927591025567217298785476601651868279282683915468359735", "transaction_hash": "0x91209b8740f9c86324f5a56b69c81ab34792f8241babb8c18488196e4450edf1", "source": "polymarket"}
{"timestamp_utc": "2026-03-26T05:20:55Z", "market_key": "SOL5M_2026-03-26T05:25:00Z", "condition_id": "0x909363cb5fd5f33ef83b762e7ef95a580ca1fa5973cfe5842aa22ecdfa87870a", "trade_id": "0xbed9fde295252a3278da6f629dde927f43bb907457516a36511bebdd7e8e7464:55195168460081641645537927591025567217298785476601651868279282683915468359735:1774502455", "side": "buy", "price": 0.71, "size": 18.0, "outcome": "up", "asset": "55195168460081641645537927591025567217298785476601651868279282683915468359735", "transaction_hash": "0xbed9fde295252a3278da6f629dde927f43bb907457516a36511bebdd7e8e7464", "source": "polymarket"}
{"timestamp_utc": "2026-03-26T05:20:55Z", "market_key": "SOL5M_2026-03-26T05:25:00Z", "condition_id": "0x909363cb5fd5f33ef83b762e7ef95a580ca1fa5973cfe5842aa22ecdfa87870a", "trade_id": "0x013e3f7bebcd19d65c97656f2be89f3e58b304a4042fdb6f361d0fa699bf8944:55195168460081641645537927591025567217298785476601651868279282683915468359735:1774502455", "side": "buy", "price": 0.7, "size": 15.0, "outcome": "up", "asset": "55195168460081641645537927591025567217298785476601651868279282683915468359735", "transaction_hash": "0x013e3f7bebcd19d65c97656f2be89f3e58b304a4042fdb6f361d0fa699bf8944", "source": "polymarket"}
{"timestamp_utc": "2026-03-26T05:20:55Z", "market_key": "SOL5M_2026-03-26T05:25:00Z", "condition_id": "0x909363cb5fd5f33ef83b762e7ef95a580ca1fa5973cfe5842aa22ecdfa87870a", "trade_id": "0x92fff49f2b00e622f99c855343a6a7e34ed878aaefa1235daa1e99b81d521708:19092734076395065083380937170100865224604059470908845980436233213254877015281:1774502455", "side": "sell", "price": 0.31241176470588233, "size": 34.0, "outcome": "down", "asset": "19092734076395065083380937170100865224604059470908845980436233213254877015281", "transaction_hash": "0x92fff49f2b00e622f99c855343a6a7e34ed878aaefa1235daa1e99b81d521708", "source": "polymarket"}
{"timestamp_utc": "2026-03-26T05:20:55Z", "market_key": "SOL5M_2026-03-26T05:25:00Z", "condition_id": "0x909363cb5fd5f33ef83b762e7ef95a580ca1fa5973cfe5842aa22ecdfa87870a", "trade_id": "0xc41e248d1d424272174546b5b9db96ea915c3aca84ecf5f541cd0df380f87f7b:55195168460081641645537927591025567217298785476601651868279282683915468359735:1774502455", "side": "buy", "price": 0.71, "size": 15.0, "outcome": "up", "asset": "55195168460081641645537927591025567217298785476601651868279282683915468359735", "transaction_hash": "0xc41e248d1d424272174546b5b9db96ea915c3aca84ecf5f541cd0df380f87f7b", "source": "polymarket"}
{"timestamp_utc": "2026-03-26T05:20:55Z", "market_key": "SOL5M_2026-03-26T05:25:00Z", "condition_id": "0x909363cb5fd5f33ef83b762e7ef95a580ca1fa5973cfe5842aa22ecdfa87870a", "trade_id": "0x19ba6cb1144348984d92f8c8457599e1809cfd30bb2dad98839add64a0177ead:19092734076395065083380937170100865224604059470908845980436233213254877015281:1774502455", "side": "buy", "price": 0.27999991790574025, "size": 6.821427, "outcome": "down", "asset": "19092734076395065083380937170100865224604059470908845980436233213254877015281", "transaction_hash": "0x19ba6cb1144348984d92f8c8457599e1809cfd30bb2dad98839add64a0177ead", "source": "polymarket"}
{"timestamp_utc": "2026-03-26T05:20:55Z", "market_key": "SOL5M_2026-03-26T05:25:00Z", "condition_id": "0x909363cb5fd5f33ef83b762e7ef95a580ca1fa5973cfe5842aa22ecdfa87870a", "trade_id": "0x83d51b08f8ce123cc5b7a3c17cc5fbf5dd81af125ca8f03f1db85033f57c88f1:19092734076395065083380937170100865224604059470908845980436233213254877015281:1774502455", "side": "buy", "price": 0.29069836065573773, "size": 61.0, "outcome": "down", "asset": "19092734076395065083380937170100865224604059470908845980436233213254877015281", "transaction_hash": "0x83d51b08f8ce123cc5b7a3c17cc5fbf5dd81af125ca8f03f1db85033f57c88f1", "source": "polymarket"}
{"timestamp_utc": "2026-03-26T05:20:55Z", "market_key": "SOL5M_2026-03-26T05:25:00Z", "condition_id": "0x909363cb5fd5f33ef83b762e7ef95a580ca1fa5973cfe5842aa22ecdfa87870a", "trade_id": "0xa0c95f423a6c1e7c53c7558744769092244a10de326fbb1680ac0e517b91364d:55195168460081641645537927591025567217298785476601651868279282683915468359735:1774502455", "side": "buy", "price": 0.7, "size": 18.0, "outcome": "up", "asset": "55195168460081641645537927591025567217298785476601651868279282683915468359735", "transaction_hash": "0xa0c95f423a6c1e7c53c7558744769092244a10de326fbb1680ac0e517b91364d", "source": "polymarket"}
{"timestamp_utc": "2026-03-26T05:20:55Z", "market_key": "SOL5M_2026-03-26T05:25:00Z", "condition_id": "0x909363cb5fd5f33ef83b762e7ef95a580ca1fa5973cfe5842aa22ecdfa87870a", "trade_id": "0x2d58d7318919aa1a3285b8cf113f046c7e20ffd1ef721696483cd4905bca11f4:55195168460081641645537927591025567217298785476601651868279282683915468359735:1774502455", "side": "buy", "price": 0.68, "size": 15.0, "outcome": "up", "asset": "55195168460081641645537927591025567217298785476601651868279282683915468359735", "transaction_hash": "0x2d58d7318919aa1a3285b8cf113f046c7e20ffd1ef721696483cd4905bca11f4", "source": "polymarket"}
{"timestamp_utc": "2026-03-26T05:20:55Z", "market_key": "SOL5M_2026-03-26T05:25:00Z", "condition_id": "0x909363cb5fd5f33ef83b762e7ef95a580ca1fa5973cfe5842aa22ecdfa87870a", "trade_id": "0xc7bf8fd74c2ac451c7afddc7ff2b59f2c7d8895a0da46e4bd524bf3cf954186e:55195168460081641645537927591025567217298785476601651868279282683915468359735:1774502455", "side": "buy", "price": 0.67, "size": 15.0, "outcome": "up", "asset": "55195168460081641645537927591025567217298785476601651868279282683915468359735", "transaction_hash": "0xc7bf8fd74c2ac451c7afddc7ff2b59f2c7d8895a0da46e4bd524bf3cf954186e", "source": "polymarket"}
{"timestamp_utc": "2026-03-26T05:20:55Z", "market_key": "SOL5M_2026-03-26T05:25:00Z", "condition_id": "0x909363cb5fd5f33ef83b762e7ef95a580ca1fa5973cfe5842aa22ecdfa87870a", "trade_id": "0x0902e1e02a89d14b24b601b206636a08d875d0b527604e4e7a7c3c5e0a47e80b:55195168460081641645537927591025567217298785476601651868279282683915468359735:1774502455", "side": "buy", "price": 0.6770833333333334, "size": 18.0, "outcome": "up", "asset": "55195168460081641645537927591025567217298785476601651868279282683915468359735", "transaction_hash": "0x0902e1e02a89d14b24b601b206636a08d875d0b527604e4e7a7c3c5e0a47e80b", "source": "polymarket"}
{"timestamp_utc": "2026-03-26T05:20:57Z", "market_key": "SOL5M_2026-03-26T05:25:00Z", "condition_id": "0x909363cb5fd5f33ef83b762e7ef95a580ca1fa5973cfe5842aa22ecdfa87870a", "trade_id": "0x9cb9102c5c906f27c0d2b9f1e78e0a7e2a0ddd7b5b4bd2353e84020861ba4a15:19092734076395065083380937170100865224604059470908845980436233213254877015281:1774502457", "side": "sell", "price": 0.2421002100210021, "size": 33.33, "outcome": "down", "asset": "19092734076395065083380937170100865224604059470908845980436233213254877015281", "transaction_hash": "0x9cb9102c5c906f27c0d2b9f1e78e0a7e2a0ddd7b5b4bd2353e84020861ba4a15", "source": "polymarket"}
{"timestamp_utc": "2026-03-26T05:20:57Z", "market_key": "SOL5M_2026-03-26T05:25:00Z", "condition_id": "0x909363cb5fd5f33ef83b762e7ef95a580ca1fa5973cfe5842aa22ecdfa87870a", "trade_id": "0x950c94b2f571788217044b6334f2a9bdf72401066eb8c092ccdf190d7449f125:55195168460081641645537927591025567217298785476601651868279282683915468359735:1774502457", "side": "buy", "price": 0.72, "size": 25.25, "outcome": "up", "asset": "55195168460081641645537927591025567217298785476601651868279282683915468359735", "transaction_hash": "0x950c94b2f571788217044b6334f2a9bdf72401066eb8c092ccdf190d7449f125", "source": "polymarket"}
{"timestamp_utc": "2026-03-26T05:20:59Z", "market_key": "SOL5M_2026-03-26T05:25:00Z", "condition_id": "0x909363cb5fd5f33ef83b762e7ef95a580ca1fa5973cfe5842aa22ecdfa87870a", "trade_id": "0xda55ed67bb4f2c4423c007713284d87977557a655cdd18b13aade9c7b0e66c06:55195168460081641645537927591025567217298785476601651868279282683915468359735:1774502459", "side": "sell", "price": 0.75, "size": 0.64, "outcome": "up", "asset": "55195168460081641645537927591025567217298785476601651868279282683915468359735", "transaction_hash": "0xda55ed67bb4f2c4423c007713284d87977557a655cdd18b13aade9c7b0e66c06", "source": "polymarket"}
{"timestamp_utc": "2026-03-26T05:20:59Z", "market_key": "SOL5M_2026-03-26T05:25:00Z", "condition_id": "0x909363cb5fd5f33ef83b762e7ef95a580ca1fa5973cfe5842aa22ecdfa87870a", "trade_id": "0x98d4edb55d357cbf97a3fa57f01ccfc1823df24df3959666e76059fb72726168:19092734076395065083380937170100865224604059470908845980436233213254877015281:1774502459", "side": "buy", "price": 0.25, "size": 7.0, "outcome": "down", "asset": "19092734076395065083380937170100865224604059470908845980436233213254877015281", "transaction_hash": "0x98d4edb55d357cbf97a3fa57f01ccfc1823df24df3959666e76059fb72726168", "source": "polymarket"}
{"timestamp_utc": "2026-03-26T05:20:59Z", "market_key": "SOL5M_2026-03-26T05:25:00Z", "condition_id": "0x909363cb5fd5f33ef83b762e7ef95a580ca1fa5973cfe5842aa22ecdfa87870a", "trade_id": "0x55fd7b02bb76ca39253834864066af58ef2a63b1093b0b27ef1aad069386250f:19092734076395065083380937170100865224604059470908845980436233213254877015281:1774502459", "side": "buy", "price": 0.25, "size": 4.16, "outcome": "down", "asset": "19092734076395065083380937170100865224604059470908845980436233213254877015281", "transaction_hash": "0x55fd7b02bb76ca39253834864066af58ef2a63b1093b0b27ef1aad069386250f", "source": "polymarket"}
{"timestamp_utc": "2026-03-26T05:21:01Z", "market_key": "SOL5M_2026-03-26T05:25:00Z", "condition_id": "0x909363cb5fd5f33ef83b762e7ef95a580ca1fa5973cfe5842aa22ecdfa87870a", "trade_id": "0x1dade5bd59984a196042520adb7d17dd48498bf500ac570865351b0c77f09aec:55195168460081641645537927591025567217298785476601651868279282683915468359735:1774502461", "side": "buy", "price": 0.7599998733331433, "size": 1.578945, "outcome": "up", "asset": "55195168460081641645537927591025567217298785476601651868279282683915468359735", "transaction_hash": "0x1dade5bd59984a196042520adb7d17dd48498bf500ac570865351b0c77f09aec", "source": "polymarket"}
{"timestamp_utc": "2026-03-26T05:21:01Z", "market_key": "SOL5M_2026-03-26T05:25:00Z", "condition_id": "0x909363cb5fd5f33ef83b762e7ef95a580ca1fa5973cfe5842aa22ecdfa87870a", "trade_id": "0x5ef525ea4adb2e004fccc4a6cb6b86c926ce4505ab7e0c3b9fc7f50e13cc8650:55195168460081641645537927591025567217298785476601651868279282683915468359735:1774502461", "side": "buy", "price": 0.7628339343956662, "size": 65.54506, "outcome": "up", "asset": "55195168460081641645537927591025567217298785476601651868279282683915468359735", "transaction_hash": "0x5ef525ea4adb2e004fccc4a6cb6b86c926ce4505ab7e0c3b9fc7f50e13cc8650", "source": "polymarket"}
{"timestamp_utc": "2026-03-26T05:21:01Z", "market_key": "SOL5M_2026-03-26T05:25:00Z", "condition_id": "0x909363cb5fd5f33ef83b762e7ef95a580ca1fa5973cfe5842aa22ecdfa87870a", "trade_id": "0x4412e9890a56c69e096d61f59a01dd7df9e0977d70fc121dc6c8b075b4efd6f6:55195168460081641645537927591025567217298785476601651868279282683915468359735:1774502461", "side": "buy", "price": 0.7674795944048155, "size": 65.148308, "outcome": "up", "asset": "55195168460081641645537927591025567217298785476601651868279282683915468359735", "transaction_hash": "0x4412e9890a56c69e096d61f59a01dd7df9e0977d70fc121dc6c8b075b4efd6f6", "source": "polymarket"}
{"timestamp_utc": "2026-03-26T05:21:03Z", "market_key": "SOL5M_2026-03-26T05:25:00Z", "condition_id": "0x909363cb5fd5f33ef83b762e7ef95a580ca1fa5973cfe5842aa22ecdfa87870a", "trade_id": "0x6c4c66c8409bb5e02f47175d1d35615d619271d6327d81486b3661e429cae0ab:19092734076395065083380937170100865224604059470908845980436233213254877015281:1774502463", "side": "buy", "price": 0.2718105580751224, "size": 25.642856, "outcome": "down", "asset": "19092734076395065083380937170100865224604059470908845980436233213254877015281", "transaction_hash": "0x6c4c66c8409bb5e02f47175d1d35615d619271d6327d81486b3661e429cae0ab", "source": "polymarket"}
{"timestamp_utc": "2026-03-26T05:21:03Z", "market_key": "SOL5M_2026-03-26T05:25:00Z", "condition_id": "0x909363cb5fd5f33ef83b762e7ef95a580ca1fa5973cfe5842aa22ecdfa87870a", "trade_id": "0x11172dd870450b6ea243a909b17e974362f0f3b855f52c5053551743e60c94fb:55195168460081641645537927591025567217298785476601651868279282683915468359735:1774502463", "side": "buy", "price": 0.74, "size": 1.35135, "outcome": "up", "asset": "55195168460081641645537927591025567217298785476601651868279282683915468359735", "transaction_hash": "0x11172dd870450b6ea243a909b17e974362f0f3b855f52c5053551743e60c94fb", "source": "polymarket"}
{"timestamp_utc": "2026-03-26T05:21:03Z", "market_key": "SOL5M_2026-03-26T05:25:00Z", "condition_id": "0x909363cb5fd5f33ef83b762e7ef95a580ca1fa5973cfe5842aa22ecdfa87870a", "trade_id": "0x1fcb687c51ba450648ef10871d211122bbaa341a733b76961f44d3af95b41c7b:55195168460081641645537927591025567217298785476601651868279282683915468359735:1774502463", "side": "buy", "price": 0.75, "size": 10.0, "outcome": "up", "asset": "55195168460081641645537927591025567217298785476601651868279282683915468359735", "transaction_hash": "0x1fcb687c51ba450648ef10871d211122bbaa341a733b76961f44d3af95b41c7b", "source": "polymarket"}
{"timestamp_utc": "2026-03-26T05:21:03Z", "market_key": "SOL5M_2026-03-26T05:25:00Z", "condition_id": "0x909363cb5fd5f33ef83b762e7ef95a580ca1fa5973cfe5842aa22ecdfa87870a", "trade_id": "0x01d6cfc5eee6c21871c845aa342c6d80b6ee36ef0e4892925372f2ef102c2d69:19092734076395065083380937170100865224604059470908845980436233213254877015281:1774502463", "side": "buy", "price": 0.2639616460811065, "size": 34.777776, "outcome": "down", "asset": "19092734076395065083380937170100865224604059470908845980436233213254877015281", "transaction_hash": "0x01d6cfc5eee6c21871c845aa342c6d80b6ee36ef0e4892925372f2ef102c2d69", "source": "polymarket"}
{"timestamp_utc": "2026-03-26T05:21:03Z", "market_key": "SOL5M_2026-03-26T05:25:00Z", "condition_id": "0x909363cb5fd5f33ef83b762e7ef95a580ca1fa5973cfe5842aa22ecdfa87870a", "trade_id": "0xb064665cfbbf43e1d9d4837f7883902b5701886f124932bb2031d54cc29af874:19092734076395065083380937170100865224604059470908845980436233213254877015281:1774502463", "side": "buy", "price": 0.25, "size": 5.0, "outcome": "down", "asset": "19092734076395065083380937170100865224604059470908845980436233213254877015281", "transaction_hash": "0xb064665cfbbf43e1d9d4837f7883902b5701886f124932bb2031d54cc29af874", "source": "polymarket"}
{"timestamp_utc": "2026-03-26T05:21:03Z", "market_key": "SOL5M_2026-03-26T05:25:00Z", "condition_id": "0x909363cb5fd5f33ef83b762e7ef95a580ca1fa5973cfe5842aa22ecdfa87870a", "trade_id": "0xb58e577b66c0331b941b753c556c57d28249b9daf3e5d221774f7e9cce70d835:19092734076395065083380937170100865224604059470908845980436233213254877015281:1774502463", "side": "buy", "price": 0.2699999703409067, "size": 19.555554, "outcome": "down", "asset": "19092734076395065083380937170100865224604059470908845980436233213254877015281", "transaction_hash": "0xb58e577b66c0331b941b753c556c57d28249b9daf3e5d221774f7e9cce70d835", "source": "polymarket"}
{"timestamp_utc": "2026-03-26T05:21:05Z", "market_key": "SOL5M_2026-03-26T05:25:00Z", "condition_id": "0x909363cb5fd5f33ef83b762e7ef95a580ca1fa5973cfe5842aa22ecdfa87870a", "trade_id": "0xde8075c0ab34635df91718d5c35b5f244acef5a35897ea2b2c412ae3473d1ec9:19092734076395065083380937170100865224604059470908845980436233213254877015281:1774502465", "side": "buy", "price": 0.2799999514666589, "size": 10.714284, "outcome": "down", "asset": "19092734076395065083380937170100865224604059470908845980436233213254877015281", "transaction_hash": "0xde8075c0ab34635df91718d5c35b5f244acef5a35897ea2b2c412ae3473d1ec9", "source": "polymarket"}
{"timestamp_utc": "2026-03-26T05:21:05Z", "market_key": "SOL5M_2026-03-26T05:25:00Z", "condition_id": "0x909363cb5fd5f33ef83b762e7ef95a580ca1fa5973cfe5842aa22ecdfa87870a", "trade_id": "0x07621f2fe4796111c9bf0fe9deb5cff08f694d7cab27cd0b284f24198bbcdac4:19092734076395065083380937170100865224604059470908845980436233213254877015281:1774502465", "side": "sell", "price": 0.27, "size": 19.84, "outcome": "down", "asset": "19092734076395065083380937170100865224604059470908845980436233213254877015281", "transaction_hash": "0x07621f2fe4796111c9bf0fe9deb5cff08f694d7cab27cd0b284f24198bbcdac4", "source": "polymarket"}
{"timestamp_utc": "2026-03-26T05:21:05Z", "market_key": "SOL5M_2026-03-26T05:25:00Z", "condition_id": "0x909363cb5fd5f33ef83b762e7ef95a580ca1fa5973cfe5842aa22ecdfa87870a", "trade_id": "0x3a4899e33276a9e03b72be290720e4b9fe77513b573ac5395fdbfa5b9fa90067:55195168460081641645537927591025567217298785476601651868279282683915468359735:1774502465", "side": "buy", "price": 0.7399999783414535, "size": 5.540538, "outcome": "up", "asset": "55195168460081641645537927591025567217298785476601651868279282683915468359735", "transaction_hash": "0x3a4899e33276a9e03b72be290720e4b9fe77513b573ac5395fdbfa5b9fa90067", "source": "polymarket"}
{"timestamp_utc": "2026-03-26T05:21:07Z", "market_key": "SOL5M_2026-03-26T05:25:00Z", "condition_id": "0x909363cb5fd5f33ef83b762e7ef95a580ca1fa5973cfe5842aa22ecdfa87870a", "trade_id": "0xe5dbcf7a1c4d094640f75e111cd2fdb26865aa8d9564c98dd45e213f7f12b9c9:55195168460081641645537927591025567217298785476601651868279282683915468359735:1774502467", "side": "buy", "price": 0.73, "size": 5.56, "outcome": "up", "asset": "55195168460081641645537927591025567217298785476601651868279282683915468359735", "transaction_hash": "0xe5dbcf7a1c4d094640f75e111cd2fdb26865aa8d9564c98dd45e213f7f12b9c9", "source": "polymarket"}
{"timestamp_utc": "2026-03-26T05:21:07Z", "market_key": "SOL5M_2026-03-26T05:25:00Z", "condition_id": "0x909363cb5fd5f33ef83b762e7ef95a580ca1fa5973cfe5842aa22ecdfa87870a", "trade_id": "0x450e21747ca9f7ebda44634896053b31cd013e911721ee20f2b67d38f7b90c24:19092734076395065083380937170100865224604059470908845980436233213254877015281:1774502467", "side": "buy", "price": 0.27, "size": 5.0, "outcome": "down", "asset": "19092734076395065083380937170100865224604059470908845980436233213254877015281", "transaction_hash": "0x450e21747ca9f7ebda44634896053b31cd013e911721ee20f2b67d38f7b90c24", "source": "polymarket"}
{"timestamp_utc": "2026-03-26T05:21:09Z", "market_key": "SOL5M_2026-03-26T05:25:00Z", "condition_id": "0x909363cb5fd5f33ef83b762e7ef95a580ca1fa5973cfe5842aa22ecdfa87870a", "trade_id": "0xff1a6564bc3f67fb64b53bf011f691744615333c6544ea77acbf69c2ba493e8f:55195168460081641645537927591025567217298785476601651868279282683915468359735:1774502469", "side": "buy", "price": 0.7399999777999969, "size": 8.108107, "outcome": "up", "asset": "55195168460081641645537927591025567217298785476601651868279282683915468359735", "transaction_hash": "0xff1a6564bc3f67fb64b53bf011f691744615333c6544ea77acbf69c2ba493e8f", "source": "polymarket"}
{"timestamp_utc": "2026-03-26T05:21:11Z", "market_key": "SOL5M_2026-03-26T05:25:00Z", "condition_id": "0x909363cb5fd5f33ef83b762e7ef95a580ca1fa5973cfe5842aa22ecdfa87870a", "trade_id": "0x523e2ddb248ad1815d0a9de3fb5b7a6cb4154d262f9d2c8410069f5b59df4276:55195168460081641645537927591025567217298785476601651868279282683915468359735:1774502471", "side": "sell", "price": 0.73, "size": 0.51, "outcome": "up", "asset": "55195168460081641645537927591025567217298785476601651868279282683915468359735", "transaction_hash": "0x523e2ddb248ad1815d0a9de3fb5b7a6cb4154d262f9d2c8410069f5b59df4276", "source": "polymarket"}
{"timestamp_utc": "2026-03-26T05:21:17Z", "market_key": "SOL5M_2026-03-26T05:25:00Z", "condition_id": "0x909363cb5fd5f33ef83b762e7ef95a580ca1fa5973cfe5842aa22ecdfa87870a", "trade_id": "0xa00d9dad854e3581d24dcb0525501c8865540b750292036d5c434b2f13ad3f8c:55195168460081641645537927591025567217298785476601651868279282683915468359735:1774502477", "side": "buy", "price": 0.74, "size": 1.35135, "outcome": "up", "asset": "55195168460081641645537927591025567217298785476601651868279282683915468359735", "transaction_hash": "0xa00d9dad854e3581d24dcb0525501c8865540b750292036d5c434b2f13ad3f8c", "source": "polymarket"}
{"timestamp_utc": "2026-03-26T05:21:19Z", "market_key": "SOL5M_2026-03-26T05:25:00Z", "condition_id": "0x909363cb5fd5f33ef83b762e7ef95a580ca1fa5973cfe5842aa22ecdfa87870a", "trade_id": "0x6f6fc5701f550883f34d22d6bdfa90cbefaa7123dbc43d49d627fdeadb1b4295:19092734076395065083380937170100865224604059470908845980436233213254877015281:1774502479", "side": "sell", "price": 0.26, "size": 14.34, "outcome": "down", "asset": "19092734076395065083380937170100865224604059470908845980436233213254877015281", "transaction_hash": "0x6f6fc5701f550883f34d22d6bdfa90cbefaa7123dbc43d49d627fdeadb1b4295", "source": "polymarket"}
{"timestamp_utc": "2026-03-26T05:21:21Z", "market_key": "SOL5M_2026-03-26T05:25:00Z", "condition_id": "0x909363cb5fd5f33ef83b762e7ef95a580ca1fa5973cfe5842aa22ecdfa87870a", "trade_id": "0x38768ad93549e21fad331a589f470cc7b687ba20795519d9f3d9dff6d5d75cf6:19092734076395065083380937170100865224604059470908845980436233213254877015281:1774502481", "side": "buy", "price": 0.2699999369999937, "size": 11.11111, "outcome": "down", "asset": "19092734076395065083380937170100865224604059470908845980436233213254877015281", "transaction_hash": "0x38768ad93549e21fad331a589f470cc7b687ba20795519d9f3d9dff6d5d75cf6", "source": "polymarket"}
{"timestamp_utc": "2026-03-26T05:21:23Z", "market_key": "SOL5M_2026-03-26T05:25:00Z", "condition_id": "0x909363cb5fd5f33ef83b762e7ef95a580ca1fa5973cfe5842aa22ecdfa87870a", "trade_id": "0x83f90314bfce31b735d10dfcc40d97c2688e40b0fb0982e27cb5b9e25b84b719:55195168460081641645537927591025567217298785476601651868279282683915468359735:1774502483", "side": "buy", "price": 0.74, "size": 5.09, "outcome": "up", "asset": "55195168460081641645537927591025567217298785476601651868279282683915468359735", "transaction_hash": "0x83f90314bfce31b735d10dfcc40d97c2688e40b0fb0982e27cb5b9e25b84b719", "source": "polymarket"}
{"timestamp_utc": "2026-03-26T05:21:23Z", "market_key": "SOL5M_2026-03-26T05:25:00Z", "condition_id": "0x909363cb5fd5f33ef83b762e7ef95a580ca1fa5973cfe5842aa22ecdfa87870a", "trade_id": "0x522f7053b2c3e47e1f6b3393c9bea46114ae72d174c905ce035039ec54d9b386:19092734076395065083380937170100865224604059470908845980436233213254877015281:1774502483", "side": "buy", "price": 0.2755655699555668, "size": 15.785713, "outcome": "down", "asset": "19092734076395065083380937170100865224604059470908845980436233213254877015281", "transaction_hash": "0x522f7053b2c3e47e1f6b3393c9bea46114ae72d174c905ce035039ec54d9b386", "source": "polymarket"}
{"timestamp_utc": "2026-03-26T05:21:23Z", "market_key": "SOL5M_2026-03-26T05:25:00Z", "condition_id": "0x909363cb5fd5f33ef83b762e7ef95a580ca1fa5973cfe5842aa22ecdfa87870a", "trade_id": "0x53a3260b4438a232643335d9b4ea1f2be6dc1820693877b53326717d26dc9ccc:55195168460081641645537927591025567217298785476601651868279282683915468359735:1774502483", "side": "sell", "price": 0.73, "size": 0.41, "outcome": "up", "asset": "55195168460081641645537927591025567217298785476601651868279282683915468359735", "transaction_hash": "0x53a3260b4438a232643335d9b4ea1f2be6dc1820693877b53326717d26dc9ccc", "source": "polymarket"}
{"timestamp_utc": "2026-03-26T05:21:25Z", "market_key": "SOL5M_2026-03-26T05:25:00Z", "condition_id": "0x909363cb5fd5f33ef83b762e7ef95a580ca1fa5973cfe5842aa22ecdfa87870a", "trade_id": "0x1af4b3c68c3ce6693bcf1ba457688c2da7dc4811dfeea2403293fc6833a8dfdd:19092734076395065083380937170100865224604059470908845980436233213254877015281:1774502485", "side": "buy", "price": 0.3284527335895831, "size": 22.377646, "outcome": "down", "asset": "19092734076395065083380937170100865224604059470908845980436233213254877015281", "transaction_hash": "0x1af4b3c68c3ce6693bcf1ba457688c2da7dc4811dfeea2403293fc6833a8dfdd", "source": "polymarket"}
{"timestamp_utc": "2026-03-26T05:21:25Z", "market_key": "SOL5M_2026-03-26T05:25:00Z", "condition_id": "0x909363cb5fd5f33ef83b762e7ef95a580ca1fa5973cfe5842aa22ecdfa87870a", "trade_id": "0x499d0b35e88172f0b93af94ae2ba07a46fd8063f6fbc6e337b048f19ef184bf2:55195168460081641645537927591025567217298785476601651868279282683915468359735:1774502485", "side": "buy", "price": 0.6699999863265254, "size": 7.31343, "outcome": "up", "asset": "55195168460081641645537927591025567217298785476601651868279282683915468359735", "transaction_hash": "0x499d0b35e88172f0b93af94ae2ba07a46fd8063f6fbc6e337b048f19ef184bf2", "source": "polymarket"}
{"timestamp_utc": "2026-03-26T05:21:27Z", "market_key": "SOL5M_2026-03-26T05:25:00Z", "condition_id": "0x909363cb5fd5f33ef83b762e7ef95a580ca1fa5973cfe5842aa22ecdfa87870a", "trade_id": "0x27946444aeb4a736e9e82dd8dea6d2f65ad374949bf6f22e6379b8767120b617:19092734076395065083380937170100865224604059470908845980436233213254877015281:1774502487", "side": "buy", "price": 0.34, "size": 12.0, "outcome": "down", "asset": "19092734076395065083380937170100865224604059470908845980436233213254877015281", "transaction_hash": "0x27946444aeb4a736e9e82dd8dea6d2f65ad374949bf6f22e6379b8767120b617", "source": "polymarket"}
{"timestamp_utc": "2026-03-26T05:21:27Z", "market_key": "SOL5M_2026-03-26T05:25:00Z", "condition_id": "0x909363cb5fd5f33ef83b762e7ef95a580ca1fa5973cfe5842aa22ecdfa87870a", "trade_id": "0x80d76faeb16e4b06c1ea0eac7de84bb764ce34d67676c36215a5e5bdb33e0d81:19092734076395065083380937170100865224604059470908845980436233213254877015281:1774502487", "side": "buy", "price": 0.34, "size": 12.0, "outcome": "down", "asset": "19092734076395065083380937170100865224604059470908845980436233213254877015281", "transaction_hash": "0x80d76faeb16e4b06c1ea0eac7de84bb764ce34d67676c36215a5e5bdb33e0d81", "source": "polymarket"}
{"timestamp_utc": "2026-03-26T05:21:27Z", "market_key": "SOL5M_2026-03-26T05:25:00Z", "condition_id": "0x909363cb5fd5f33ef83b762e7ef95a580ca1fa5973cfe5842aa22ecdfa87870a", "trade_id": "0x2a8ff5a174f993b48e83147b4c4adfbcc07110678d3f0689e95fdcb86a1b06be:19092734076395065083380937170100865224604059470908845980436233213254877015281:1774502487", "side": "buy", "price": 0.34, "size": 5.97, "outcome": "down", "asset": "19092734076395065083380937170100865224604059470908845980436233213254877015281", "transaction_hash": "0x2a8ff5a174f993b48e83147b4c4adfbcc07110678d3f0689e95fdcb86a1b06be", "source": "polymarket"}
{"timestamp_utc": "2026-03-26T05:21:27Z", "market_key": "SOL5M_2026-03-26T05:25:00Z", "condition_id": "0x909363cb5fd5f33ef83b762e7ef95a580ca1fa5973cfe5842aa22ecdfa87870a", "trade_id": "0x98c7e9ec82751bed25103cb49dde07fcab45ed890c128f407f3bcd66000c2a16:19092734076395065083380937170100865224604059470908845980436233213254877015281:1774502487", "side": "buy", "price": 0.34, "size": 12.0, "outcome": "down", "asset": "19092734076395065083380937170100865224604059470908845980436233213254877015281", "transaction_hash": "0x98c7e9ec82751bed25103cb49dde07fcab45ed890c128f407f3bcd66000c2a16", "source": "polymarket"}
{"timestamp_utc": "2026-03-26T05:21:27Z", "market_key": "SOL5M_2026-03-26T05:25:00Z", "condition_id": "0x909363cb5fd5f33ef83b762e7ef95a580ca1fa5973cfe5842aa22ecdfa87870a", "trade_id": "0x0e7adf40a9da7e8ca7c7cf331a5c1fdf0011d0bf5e15658a04b80f6e5c889641:19092734076395065083380937170100865224604059470908845980436233213254877015281:1774502487", "side": "buy", "price": 0.34, "size": 12.0, "outcome": "down", "asset": "19092734076395065083380937170100865224604059470908845980436233213254877015281", "transaction_hash": "0x0e7adf40a9da7e8ca7c7cf331a5c1fdf0011d0bf5e15658a04b80f6e5c889641", "source": "polymarket"}
{"timestamp_utc": "2026-03-26T05:21:27Z", "market_key": "SOL5M_2026-03-26T05:25:00Z", "condition_id": "0x909363cb5fd5f33ef83b762e7ef95a580ca1fa5973cfe5842aa22ecdfa87870a", "trade_id": "0x8a71ead35436ac0cba2e040fcce9064318b341b531f9c09aa40ca42640af1cf7:19092734076395065083380937170100865224604059470908845980436233213254877015281:1774502487", "side": "buy", "price": 0.34, "size": 12.0, "outcome": "down", "asset": "19092734076395065083380937170100865224604059470908845980436233213254877015281", "transaction_hash": "0x8a71ead35436ac0cba2e040fcce9064318b341b531f9c09aa40ca42640af1cf7", "source": "polymarket"}
{"timestamp_utc": "2026-03-26T05:21:33Z", "market_key": "SOL5M_2026-03-26T05:25:00Z", "condition_id": "0x909363cb5fd5f33ef83b762e7ef95a580ca1fa5973cfe5842aa22ecdfa87870a", "trade_id": "0x34512ee1b276edd9ee4862aecc55f06d4f58e6978c289b14df4a8587e303f4e3:19092734076395065083380937170100865224604059470908845980436233213254877015281:1774502493", "side": "buy", "price": 0.38, "size": 24.5, "outcome": "down", "asset": "19092734076395065083380937170100865224604059470908845980436233213254877015281", "transaction_hash": "0x34512ee1b276edd9ee4862aecc55f06d4f58e6978c289b14df4a8587e303f4e3", "source": "polymarket"}
{"timestamp_utc": "2026-03-26T05:21:35Z", "market_key": "SOL5M_2026-03-26T05:25:00Z", "condition_id": "0x909363cb5fd5f33ef83b762e7ef95a580ca1fa5973cfe5842aa22ecdfa87870a", "trade_id": "0xb5dc1e0cada2e69305cde0ec9d0d57527c7161f3fdd63c031febcac8f18e6480:55195168460081641645537927591025567217298785476601651868279282683915468359735:1774502495", "side": "buy", "price": 0.64, "size": 15.625, "outcome": "up", "asset": "55195168460081641645537927591025567217298785476601651868279282683915468359735", "transaction_hash": "0xb5dc1e0cada2e69305cde0ec9d0d57527c7161f3fdd63c031febcac8f18e6480", "source": "polymarket"}
{"timestamp_utc": "2026-03-26T05:21:37Z", "market_key": "SOL5M_2026-03-26T05:25:00Z", "condition_id": "0x909363cb5fd5f33ef83b762e7ef95a580ca1fa5973cfe5842aa22ecdfa87870a", "trade_id": "0xbefdb750abf45f39ea9dac76ee0d4b98dcfe0811e840d1df8f6e030efe2c39b5:55195168460081641645537927591025567217298785476601651868279282683915468359735:1774502497", "side": "buy", "price": 0.62, "size": 2.0, "outcome": "up", "asset": "55195168460081641645537927591025567217298785476601651868279282683915468359735", "transaction_hash": "0xbefdb750abf45f39ea9dac76ee0d4b98dcfe0811e840d1df8f6e030efe2c39b5", "source": "polymarket"}
{"timestamp_utc": "2026-03-26T05:21:37Z", "market_key": "SOL5M_2026-03-26T05:25:00Z", "condition_id": "0x909363cb5fd5f33ef83b762e7ef95a580ca1fa5973cfe5842aa22ecdfa87870a", "trade_id": "0x18f7e8106b8bf1b2e3744a0457c05fb083c36516fced24346fc52134b0639c1c:19092734076395065083380937170100865224604059470908845980436233213254877015281:1774502497", "side": "buy", "price": 0.39, "size": 12.0, "outcome": "down", "asset": "19092734076395065083380937170100865224604059470908845980436233213254877015281", "transaction_hash": "0x18f7e8106b8bf1b2e3744a0457c05fb083c36516fced24346fc52134b0639c1c", "source": "polymarket"}
{"timestamp_utc": "2026-03-26T05:21:37Z", "market_key": "SOL5M_2026-03-26T05:25:00Z", "condition_id": "0x909363cb5fd5f33ef83b762e7ef95a580ca1fa5973cfe5842aa22ecdfa87870a", "trade_id": "0xc8ca4111dc93a055f6d78b2e8a81a1837486ff4d8929f640b643314c559d945f:55195168460081641645537927591025567217298785476601651868279282683915468359735:1774502497", "side": "buy", "price": 0.62, "size": 6.13, "outcome": "up", "asset": "55195168460081641645537927591025567217298785476601651868279282683915468359735", "transaction_hash": "0xc8ca4111dc93a055f6d78b2e8a81a1837486ff4d8929f640b643314c559d945f", "source": "polymarket"}
{"timestamp_utc": "2026-03-26T05:21:39Z", "market_key": "SOL5M_2026-03-26T05:25:00Z", "condition_id": "0x909363cb5fd5f33ef83b762e7ef95a580ca1fa5973cfe5842aa22ecdfa87870a", "trade_id": "0xc790a37aeb5967fcede021d36fc9be340d88bb7003b2d25753a9290a2facc4b3:55195168460081641645537927591025567217298785476601651868279282683915468359735:1774502499", "side": "sell", "price": 0.61, "size": 24.99, "outcome": "up", "asset": "55195168460081641645537927591025567217298785476601651868279282683915468359735", "transaction_hash": "0xc790a37aeb5967fcede021d36fc9be340d88bb7003b2d25753a9290a2facc4b3", "source": "polymarket"}
{"timestamp_utc": "2026-03-26T05:21:39Z", "market_key": "SOL5M_2026-03-26T05:25:00Z", "condition_id": "0x909363cb5fd5f33ef83b762e7ef95a580ca1fa5973cfe5842aa22ecdfa87870a", "trade_id": "0xe07ef6057e91152050aae30623bb290bc219b88c4fd6f330d66f03342e0214d0:55195168460081641645537927591025567217298785476601651868279282683915468359735:1774502499", "side": "buy", "price": 0.64, "size": 15.0, "outcome": "up", "asset": "55195168460081641645537927591025567217298785476601651868279282683915468359735", "transaction_hash": "0xe07ef6057e91152050aae30623bb290bc219b88c4fd6f330d66f03342e0214d0", "source": "polymarket"}
{"timestamp_utc": "2026-03-26T05:21:39Z", "market_key": "SOL5M_2026-03-26T05:25:00Z", "condition_id": "0x909363cb5fd5f33ef83b762e7ef95a580ca1fa5973cfe5842aa22ecdfa87870a", "trade_id": "0xf643773d411ecca27c2f1ac97a95a43913b80eebe01eb14af2e28b88a6c07221:55195168460081641645537927591025567217298785476601651868279282683915468359735:1774502499", "side": "buy", "price": 0.64, "size": 15.0, "outcome": "up", "asset": "55195168460081641645537927591025567217298785476601651868279282683915468359735", "transaction_hash": "0xf643773d411ecca27c2f1ac97a95a43913b80eebe01eb14af2e28b88a6c07221", "source": "polymarket"}
{"timestamp_utc": "2026-03-26T05:21:39Z", "market_key": "SOL5M_2026-03-26T05:25:00Z", "condition_id": "0x909363cb5fd5f33ef83b762e7ef95a580ca1fa5973cfe5842aa22ecdfa87870a", "trade_id": "0xc82cec1a3fc1e48e91de6ff7707eb0404cf1a4ae28d5b5e54dae61106f2d4d32:55195168460081641645537927591025567217298785476601651868279282683915468359735:1774502499", "side": "buy", "price": 0.63, "size": 5.0, "outcome": "up", "asset": "55195168460081641645537927591025567217298785476601651868279282683915468359735", "transaction_hash": "0xc82cec1a3fc1e48e91de6ff7707eb0404cf1a4ae28d5b5e54dae61106f2d4d32", "source": "polymarket"}
{"timestamp_utc": "2026-03-26T05:21:39Z", "market_key": "SOL5M_2026-03-26T05:25:00Z", "condition_id": "0x909363cb5fd5f33ef83b762e7ef95a580ca1fa5973cfe5842aa22ecdfa87870a", "trade_id": "0xe18ee4886f37fdadf3f7f41c889d69945b665d655932ce6b277f0385be16f08e:55195168460081641645537927591025567217298785476601651868279282683915468359735:1774502499", "side": "buy", "price": 0.63, "size": 10.0, "outcome": "up", "asset": "55195168460081641645537927591025567217298785476601651868279282683915468359735", "transaction_hash": "0xe18ee4886f37fdadf3f7f41c889d69945b665d655932ce6b277f0385be16f08e", "source": "polymarket"}
{"timestamp_utc": "2026-03-26T05:21:39Z", "market_key": "SOL5M_2026-03-26T05:25:00Z", "condition_id": "0x909363cb5fd5f33ef83b762e7ef95a580ca1fa5973cfe5842aa22ecdfa87870a", "trade_id": "0xb0eb685e0f96d94ec9317c750d8ea06e361728ea5aca32c5ac76431895e103aa:55195168460081641645537927591025567217298785476601651868279282683915468359735:1774502499", "side": "sell", "price": 0.62, "size": 0.32, "outcome": "up", "asset": "55195168460081641645537927591025567217298785476601651868279282683915468359735", "transaction_hash": "0xb0eb685e0f96d94ec9317c750d8ea06e361728ea5aca32c5ac76431895e103aa", "source": "polymarket"}
{"timestamp_utc": "2026-03-26T05:21:41Z", "market_key": "SOL5M_2026-03-26T05:25:00Z", "condition_id": "0x909363cb5fd5f33ef83b762e7ef95a580ca1fa5973cfe5842aa22ecdfa87870a", "trade_id": "0xe2b5ba936b86c68a534065384e82846867442fc1bf86755901a2ce0e27968528:55195168460081641645537927591025567217298785476601651868279282683915468359735:1774502501", "side": "buy", "price": 0.6599999974117645, "size": 15.454544, "outcome": "up", "asset": "55195168460081641645537927591025567217298785476601651868279282683915468359735", "transaction_hash": "0xe2b5ba936b86c68a534065384e82846867442fc1bf86755901a2ce0e27968528", "source": "polymarket"}
{"timestamp_utc": "2026-03-26T05:21:41Z", "market_key": "SOL5M_2026-03-26T05:25:00Z", "condition_id": "0x909363cb5fd5f33ef83b762e7ef95a580ca1fa5973cfe5842aa22ecdfa87870a", "trade_id": "0xf65b0c659ab502a745b19cf34ef87963bd1cc5a94dade2204fe2702df04af982:55195168460081641645537927591025567217298785476601651868279282683915468359735:1774502501", "side": "buy", "price": 0.64, "size": 3.0, "outcome": "up", "asset": "55195168460081641645537927591025567217298785476601651868279282683915468359735", "transaction_hash": "0xf65b0c659ab502a745b19cf34ef87963bd1cc5a94dade2204fe2702df04af982", "source": "polymarket"}
{"timestamp_utc": "2026-03-26T05:21:41Z", "market_key": "SOL5M_2026-03-26T05:25:00Z", "condition_id": "0x909363cb5fd5f33ef83b762e7ef95a580ca1fa5973cfe5842aa22ecdfa87870a", "trade_id": "0xe6b5835e1b617342fc34d18873a50b432e3c9a0e9967a3024e3226475a752f96:19092734076395065083380937170100865224604059470908845980436233213254877015281:1774502501", "side": "sell", "price": 0.3, "size": 7.1, "outcome": "down", "asset": "19092734076395065083380937170100865224604059470908845980436233213254877015281", "transaction_hash": "0xe6b5835e1b617342fc34d18873a50b432e3c9a0e9967a3024e3226475a752f96", "source": "polymarket"}
