{"timestamp_utc": "2026-03-26T14:05:05Z", "market_key": "SOL5M_2026-03-26T14:15:00Z", "condition_id": "0xee3a0a35cf44279caea02d97fb83c24f3e1f2135051b4975cbd9c34eb0a8f24a", "trade_id": "0xaf168142f1416beca7588da6f7f066b33118bd923728972a434396bd60ab74a1:15608047476835990462463531268266304811021392622812742105897782774288048175618:1774533905", "side": "buy", "price": 0.5099998316998873, "size": 1.960783, "outcome": "up", "asset": "15608047476835990462463531268266304811021392622812742105897782774288048175618", "transaction_hash": "0xaf168142f1416beca7588da6f7f066b33118bd923728972a434396bd60ab74a1", "source": "polymarket"}
{"timestamp_utc": "2026-03-26T14:05:05Z", "market_key": "SOL5M_2026-03-26T14:15:00Z", "condition_id": "0xee3a0a35cf44279caea02d97fb83c24f3e1f2135051b4975cbd9c34eb0a8f24a", "trade_id": "0x5fa43323ca54985428b341c2ef81c196c231cb06abaf8af1b9f3ae4408ab1f64:71581559214212734459623582641570867254025690276115135164341182367173985322083:1774533905", "side": "buy", "price": 0.5, "size": 2.0, "outcome": "down", "asset": "71581559214212734459623582641570867254025690276115135164341182367173985322083", "transaction_hash": "0x5fa43323ca54985428b341c2ef81c196c231cb06abaf8af1b9f3ae4408ab1f64", "source": "polymarket"}
{"timestamp_utc": "2026-03-26T14:05:11Z", "market_key": "SOL5M_2026-03-26T14:15:00Z", "condition_id": "0xee3a0a35cf44279caea02d97fb83c24f3e1f2135051b4975cbd9c34eb0a8f24a", "trade_id": "0x8f3d2d030a92b2e89aaa2dc2f32826ae322e2db25f3f2f5b2bb4258d54847483:71581559214212734459623582641570867254025690276115135164341182367173985322083:1774533911", "side": "buy", "price": 0.5, "size": 3.06, "outcome": "down", "asset": "71581559214212734459623582641570867254025690276115135164341182367173985322083", "transaction_hash": "0x8f3d2d030a92b2e89aaa2dc2f32826ae322e2db25f3f2f5b2bb4258d54847483", "source": "polymarket"}
{"timestamp_utc": "2026-03-26T14:05:11Z", "market_key": "SOL5M_2026-03-26T14:15:00Z", "condition_id": "0xee3a0a35cf44279caea02d97fb83c24f3e1f2135051b4975cbd9c34eb0a8f24a", "trade_id": "0x05e0efb555938cdbabc55e3fafa9f23f4af8028065f5d18a799b549a1f0aed08:71581559214212734459623582641570867254025690276115135164341182367173985322083:1774533911", "side": "buy", "price": 0.5059942078249908, "size": 12.332155, "outcome": "down", "asset": "71581559214212734459623582641570867254025690276115135164341182367173985322083", "transaction_hash": "0x05e0efb555938cdbabc55e3fafa9f23f4af8028065f5d18a799b549a1f0aed08", "source": "polymarket"}
{"timestamp_utc": "2026-03-26T14:05:47Z", "market_key": "SOL5M_2026-03-26T14:15:00Z", "condition_id": "0xee3a0a35cf44279caea02d97fb83c24f3e1f2135051b4975cbd9c34eb0a8f24a", "trade_id": "0x261838b59da854f94fb22aad7ec313bdf02277a1777d21a518da4a682c5140c9:71581559214212734459623582641570867254025690276115135164341182367173985322083:1774533947", "side": "buy", "price": 0.5099999149999574, "size": 2.941175, "outcome": "down", "asset": "71581559214212734459623582641570867254025690276115135164341182367173985322083", "transaction_hash": "0x261838b59da854f94fb22aad7ec313bdf02277a1777d21a518da4a682c5140c9", "source": "polymarket"}
{"timestamp_utc": "2026-03-26T14:06:13Z", "market_key": "SOL5M_2026-03-26T14:15:00Z", "condition_id": "0xee3a0a35cf44279caea02d97fb83c24f3e1f2135051b4975cbd9c34eb0a8f24a", "trade_id": "0x266966d73d64653b19006cc2c8ce500a83488780f3b919a812ce53aebbb5ae77:15608047476835990462463531268266304811021392622812742105897782774288048175618:1774533973", "side": "buy", "price": 0.51, "size": 5.0, "outcome": "up", "asset": "15608047476835990462463531268266304811021392622812742105897782774288048175618", "transaction_hash": "0x266966d73d64653b19006cc2c8ce500a83488780f3b919a812ce53aebbb5ae77", "source": "polymarket"}
{"timestamp_utc": "2026-03-26T14:07:19Z", "market_key": "SOL5M_2026-03-26T14:15:00Z", "condition_id": "0xee3a0a35cf44279caea02d97fb83c24f3e1f2135051b4975cbd9c34eb0a8f24a", "trade_id": "0x5c5b34407c1c5d3c10b3247fe2f00b03b56a3133a202f9b27511406b76d372c2:71581559214212734459623582641570867254025690276115135164341182367173985322083:1774534039", "side": "sell", "price": 0.49, "size": 10.0, "outcome": "down", "asset": "71581559214212734459623582641570867254025690276115135164341182367173985322083", "transaction_hash": "0x5c5b34407c1c5d3c10b3247fe2f00b03b56a3133a202f9b27511406b76d372c2", "source": "polymarket"}
{"timestamp_utc": "2026-03-26T14:07:57Z", "market_key": "SOL5M_2026-03-26T14:15:00Z", "condition_id": "0xee3a0a35cf44279caea02d97fb83c24f3e1f2135051b4975cbd9c34eb0a8f24a", "trade_id": "0x7a952bdffca719e5b36d65922a6ea73174600aeabb66ad97605ceb10fdc53272:71581559214212734459623582641570867254025690276115135164341182367173985322083:1774534077", "side": "buy", "price": 0.5, "size": 5.0, "outcome": "down", "asset": "71581559214212734459623582641570867254025690276115135164341182367173985322083", "transaction_hash": "0x7a952bdffca719e5b36d65922a6ea73174600aeabb66ad97605ceb10fdc53272", "source": "polymarket"}
{"timestamp_utc": "2026-03-26T14:08:55Z", "market_key": "SOL5M_2026-03-26T14:15:00Z", "condition_id": "0xee3a0a35cf44279caea02d97fb83c24f3e1f2135051b4975cbd9c34eb0a8f24a", "trade_id": "0x916cd8cdd362ffde5a010692422193b383899ada732a2dff737e55522e05ed19:71581559214212734459623582641570867254025690276115135164341182367173985322083:1774534135", "side": "buy", "price": 0.5073409693297993, "size": 18.80392, "outcome": "down", "asset": "71581559214212734459623582641570867254025690276115135164341182367173985322083", "transaction_hash": "0x916cd8cdd362ffde5a010692422193b383899ada732a2dff737e55522e05ed19", "source": "polymarket"}
{"timestamp_utc": "2026-03-26T14:09:21Z", "market_key": "SOL5M_2026-03-26T14:15:00Z", "condition_id": "0xee3a0a35cf44279caea02d97fb83c24f3e1f2135051b4975cbd9c34eb0a8f24a", "trade_id": "0xc07dec53f1a467fec49817f6f3efeb1f1b6d41df3622f914ea08357a41d332a1:71581559214212734459623582641570867254025690276115135164341182367173985322083:1774534161", "side": "buy", "price": 0.5, "size": 2.0, "outcome": "down", "asset": "71581559214212734459623582641570867254025690276115135164341182367173985322083", "transaction_hash": "0xc07dec53f1a467fec49817f6f3efeb1f1b6d41df3622f914ea08357a41d332a1", "source": "polymarket"}
{"timestamp_utc": "2026-03-26T14:09:47Z", "market_key": "SOL5M_2026-03-26T14:15:00Z", "condition_id": "0xee3a0a35cf44279caea02d97fb83c24f3e1f2135051b4975cbd9c34eb0a8f24a", "trade_id": "0x94101c27daaca76450eb286e6759cd78c592034df508d0705748151439f874a0:15608047476835990462463531268266304811021392622812742105897782774288048175618:1774534187", "side": "buy", "price": 0.5099998316998873, "size": 1.960783, "outcome": "up", "asset": "15608047476835990462463531268266304811021392622812742105897782774288048175618", "transaction_hash": "0x94101c27daaca76450eb286e6759cd78c592034df508d0705748151439f874a0", "source": "polymarket"}
{"timestamp_utc": "2026-03-26T14:09:55Z", "market_key": "SOL5M_2026-03-26T14:15:00Z", "condition_id": "0xee3a0a35cf44279caea02d97fb83c24f3e1f2135051b4975cbd9c34eb0a8f24a", "trade_id": "0x231a1e15634f6fda71da3d59d3e4c164b6ab900a508531b108e6164b3997b58b:15608047476835990462463531268266304811021392622812742105897782774288048175618:1774534195", "side": "buy", "price": 0.51, "size": 11.0, "outcome": "up", "asset": "15608047476835990462463531268266304811021392622812742105897782774288048175618", "transaction_hash": "0x231a1e15634f6fda71da3d59d3e4c164b6ab900a508531b108e6164b3997b58b", "source": "polymarket"}
{"timestamp_utc": "2026-03-26T14:09:57Z", "market_key": "SOL5M_2026-03-26T14:15:00Z", "condition_id": "0xee3a0a35cf44279caea02d97fb83c24f3e1f2135051b4975cbd9c34eb0a8f24a", "trade_id": "0xa9af9d37496b87b38a94dc25429bb41cf62adea7181d110480d0f8c47e0d74bc:15608047476835990462463531268266304811021392622812742105897782774288048175618:1774534197", "side": "buy", "price": 0.51, "size": 11.0, "outcome": "up", "asset": "15608047476835990462463531268266304811021392622812742105897782774288048175618", "transaction_hash": "0xa9af9d37496b87b38a94dc25429bb41cf62adea7181d110480d0f8c47e0d74bc", "source": "polymarket"}
{"timestamp_utc": "2026-03-26T14:09:57Z", "market_key": "SOL5M_2026-03-26T14:15:00Z", "condition_id": "0xee3a0a35cf44279caea02d97fb83c24f3e1f2135051b4975cbd9c34eb0a8f24a", "trade_id": "0xbc83a06951729d3a55b0cb1e911cd6a0f5f3be8a19bb5512c6cbf24e16f3e3f8:15608047476835990462463531268266304811021392622812742105897782774288048175618:1774534197", "side": "buy", "price": 0.51, "size": 11.0, "outcome": "up", "asset": "15608047476835990462463531268266304811021392622812742105897782774288048175618", "transaction_hash": "0xbc83a06951729d3a55b0cb1e911cd6a0f5f3be8a19bb5512c6cbf24e16f3e3f8", "source": "polymarket"}
{"timestamp_utc": "2026-03-26T14:09:57Z", "market_key": "SOL5M_2026-03-26T14:15:00Z", "condition_id": "0xee3a0a35cf44279caea02d97fb83c24f3e1f2135051b4975cbd9c34eb0a8f24a", "trade_id": "0xc84cc212fe60c73fd10d8f48ebf9391ff3248107c9996f0f238652c69a5081e5:71581559214212734459623582641570867254025690276115135164341182367173985322083:1774534197", "side": "buy", "price": 0.5, "size": 2.5, "outcome": "down", "asset": "71581559214212734459623582641570867254025690276115135164341182367173985322083", "transaction_hash": "0xc84cc212fe60c73fd10d8f48ebf9391ff3248107c9996f0f238652c69a5081e5", "source": "polymarket"}
{"timestamp_utc": "2026-03-26T14:10:03Z", "market_key": "SOL5M_2026-03-26T14:15:00Z", "condition_id": "0xee3a0a35cf44279caea02d97fb83c24f3e1f2135051b4975cbd9c34eb0a8f24a", "trade_id": "0xc73168f8abc67804b8f97a8ed782514125a1ac3fb0081e77ccaacc15fcb96bee:71581559214212734459623582641570867254025690276115135164341182367173985322083:1774534203", "side": "buy", "price": 0.5099999310377235, "size": 6.235293, "outcome": "down", "asset": "71581559214212734459623582641570867254025690276115135164341182367173985322083", "transaction_hash": "0xc73168f8abc67804b8f97a8ed782514125a1ac3fb0081e77ccaacc15fcb96bee", "source": "polymarket"}
{"timestamp_utc": "2026-03-26T14:10:03Z", "market_key": "SOL5M_2026-03-26T14:15:00Z", "condition_id": "0xee3a0a35cf44279caea02d97fb83c24f3e1f2135051b4975cbd9c34eb0a8f24a", "trade_id": "0x3b855f30448bd2f747e373acb5fe7c053a6ef2246adb4beeff819c9ce19ce422:71581559214212734459623582641570867254025690276115135164341182367173985322083:1774534203", "side": "buy", "price": 0.51, "size": 5.0, "outcome": "down", "asset": "71581559214212734459623582641570867254025690276115135164341182367173985322083", "transaction_hash": "0x3b855f30448bd2f747e373acb5fe7c053a6ef2246adb4beeff819c9ce19ce422", "source": "polymarket"}
{"timestamp_utc": "2026-03-26T14:10:05Z", "market_key": "SOL5M_2026-03-26T14:15:00Z", "condition_id": "0xee3a0a35cf44279caea02d97fb83c24f3e1f2135051b4975cbd9c34eb0a8f24a", "trade_id": "0x032b5a7b57526cb4452a7a52717e1764d31d26c26b7bcb6b27415f7427956886:15608047476835990462463531268266304811021392622812742105897782774288048175618:1774534205", "side": "buy", "price": 0.5099999823461531, "size": 25.490195, "outcome": "up", "asset": "15608047476835990462463531268266304811021392622812742105897782774288048175618", "transaction_hash": "0x032b5a7b57526cb4452a7a52717e1764d31d26c26b7bcb6b27415f7427956886", "source": "polymarket"}
{"timestamp_utc": "2026-03-26T14:10:05Z", "market_key": "SOL5M_2026-03-26T14:15:00Z", "condition_id": "0xee3a0a35cf44279caea02d97fb83c24f3e1f2135051b4975cbd9c34eb0a8f24a", "trade_id": "0x8b4d78211bab408a5f2e20e3f146d326530c1db72fdbcb57a626c058bf244d66:15608047476835990462463531268266304811021392622812742105897782774288048175618:1774534205", "side": "buy", "price": 0.51, "size": 25.0, "outcome": "up", "asset": "15608047476835990462463531268266304811021392622812742105897782774288048175618", "transaction_hash": "0x8b4d78211bab408a5f2e20e3f146d326530c1db72fdbcb57a626c058bf244d66", "source": "polymarket"}
{"timestamp_utc": "2026-03-26T14:10:05Z", "market_key": "SOL5M_2026-03-26T14:15:00Z", "condition_id": "0xee3a0a35cf44279caea02d97fb83c24f3e1f2135051b4975cbd9c34eb0a8f24a", "trade_id": "0x11ea7f80b728f7de6fd656b34b36e7678bd14bb211e47027aa92b61bcc6f74e4:71581559214212734459623582641570867254025690276115135164341182367173985322083:1774534205", "side": "buy", "price": 0.5, "size": 4.0, "outcome": "down", "asset": "71581559214212734459623582641570867254025690276115135164341182367173985322083", "transaction_hash": "0x11ea7f80b728f7de6fd656b34b36e7678bd14bb211e47027aa92b61bcc6f74e4", "source": "polymarket"}
{"timestamp_utc": "2026-03-26T14:10:07Z", "market_key": "SOL5M_2026-03-26T14:15:00Z", "condition_id": "0xee3a0a35cf44279caea02d97fb83c24f3e1f2135051b4975cbd9c34eb0a8f24a", "trade_id": "0x0ee4884c1c66d5509347691a2c2c26b6dd2465272ba5869e61bacf73871c29d4:71581559214212734459623582641570867254025690276115135164341182367173985322083:1774534207", "side": "buy", "price": 0.470990990990991, "size": 5.55, "outcome": "down", "asset": "71581559214212734459623582641570867254025690276115135164341182367173985322083", "transaction_hash": "0x0ee4884c1c66d5509347691a2c2c26b6dd2465272ba5869e61bacf73871c29d4", "source": "polymarket"}
{"timestamp_utc": "2026-03-26T14:10:07Z", "market_key": "SOL5M_2026-03-26T14:15:00Z", "condition_id": "0xee3a0a35cf44279caea02d97fb83c24f3e1f2135051b4975cbd9c34eb0a8f24a", "trade_id": "0x8175c68d5db544a931c6a39a6b9b6c69f6fe58632f99ebe73b30c72190a20c9b:71581559214212734459623582641570867254025690276115135164341182367173985322083:1774534207", "side": "buy", "price": 0.48999995534482066, "size": 8.285713, "outcome": "down", "asset": "71581559214212734459623582641570867254025690276115135164341182367173985322083", "transaction_hash": "0x8175c68d5db544a931c6a39a6b9b6c69f6fe58632f99ebe73b30c72190a20c9b", "source": "polymarket"}
{"timestamp_utc": "2026-03-26T14:10:07Z", "market_key": "SOL5M_2026-03-26T14:15:00Z", "condition_id": "0xee3a0a35cf44279caea02d97fb83c24f3e1f2135051b4975cbd9c34eb0a8f24a", "trade_id": "0xa03f735ccb4544585528bb50f3445874992de27c9c627816c06b0fa6c6878457:15608047476835990462463531268266304811021392622812742105897782774288048175618:1774534207", "side": "buy", "price": 0.53, "size": 3.0, "outcome": "up", "asset": "15608047476835990462463531268266304811021392622812742105897782774288048175618", "transaction_hash": "0xa03f735ccb4544585528bb50f3445874992de27c9c627816c06b0fa6c6878457", "source": "polymarket"}
{"timestamp_utc": "2026-03-26T14:10:07Z", "market_key": "SOL5M_2026-03-26T14:15:00Z", "condition_id": "0xee3a0a35cf44279caea02d97fb83c24f3e1f2135051b4975cbd9c34eb0a8f24a", "trade_id": "0x1ee686b0dc27752f518474c37093dc9a311e8f2a9659f53af61443dded335221:15608047476835990462463531268266304811021392622812742105897782774288048175618:1774534207", "side": "buy", "price": 0.5170454283154557, "size": 3.249229, "outcome": "up", "asset": "15608047476835990462463531268266304811021392622812742105897782774288048175618", "transaction_hash": "0x1ee686b0dc27752f518474c37093dc9a311e8f2a9659f53af61443dded335221", "source": "polymarket"}
{"timestamp_utc": "2026-03-26T14:10:07Z", "market_key": "SOL5M_2026-03-26T14:15:00Z", "condition_id": "0xee3a0a35cf44279caea02d97fb83c24f3e1f2135051b4975cbd9c34eb0a8f24a", "trade_id": "0x0f05d483a44bf29e1397cf4986f455280e96e88d18e717d734bb5efc1aa3c724:15608047476835990462463531268266304811021392622812742105897782774288048175618:1774534207", "side": "buy", "price": 0.5099999514285471, "size": 3.294116, "outcome": "up", "asset": "15608047476835990462463531268266304811021392622812742105897782774288048175618", "transaction_hash": "0x0f05d483a44bf29e1397cf4986f455280e96e88d18e717d734bb5efc1aa3c724", "source": "polymarket"}
{"timestamp_utc": "2026-03-26T14:10:07Z", "market_key": "SOL5M_2026-03-26T14:15:00Z", "condition_id": "0xee3a0a35cf44279caea02d97fb83c24f3e1f2135051b4975cbd9c34eb0a8f24a", "trade_id": "0x2439fdc828792b8c923f679edc51d3c676ebc0611af02d887b1036d623580f8b:15608047476835990462463531268266304811021392622812742105897782774288048175618:1774534207", "side": "buy", "price": 0.5257990552724928, "size": 18.353017, "outcome": "up", "asset": "15608047476835990462463531268266304811021392622812742105897782774288048175618", "transaction_hash": "0x2439fdc828792b8c923f679edc51d3c676ebc0611af02d887b1036d623580f8b", "source": "polymarket"}
{"timestamp_utc": "2026-03-26T14:10:07Z", "market_key": "SOL5M_2026-03-26T14:15:00Z", "condition_id": "0xee3a0a35cf44279caea02d97fb83c24f3e1f2135051b4975cbd9c34eb0a8f24a", "trade_id": "0xb3cc00e4876508abb03dc4e4bcf747b4a69ecd3cc410cd863453ced07e33eda2:15608047476835990462463531268266304811021392622812742105897782774288048175618:1774534207", "side": "buy", "price": 0.5099999514285471, "size": 3.294116, "outcome": "up", "asset": "15608047476835990462463531268266304811021392622812742105897782774288048175618", "transaction_hash": "0xb3cc00e4876508abb03dc4e4bcf747b4a69ecd3cc410cd863453ced07e33eda2", "source": "polymarket"}
{"timestamp_utc": "2026-03-26T14:10:09Z", "market_key": "SOL5M_2026-03-26T14:15:00Z", "condition_id": "0xee3a0a35cf44279caea02d97fb83c24f3e1f2135051b4975cbd9c34eb0a8f24a", "trade_id": "0x86c7d7e1535e323828f06b6d416ac439356bc71baf3de39a046c810dc783fe8e:15608047476835990462463531268266304811021392622812742105897782774288048175618:1774534209", "side": "buy", "price": 0.5499999578544013, "size": 9.490908, "outcome": "up", "asset": "15608047476835990462463531268266304811021392622812742105897782774288048175618", "transaction_hash": "0x86c7d7e1535e323828f06b6d416ac439356bc71baf3de39a046c810dc783fe8e", "source": "polymarket"}
{"timestamp_utc": "2026-03-26T14:10:09Z", "market_key": "SOL5M_2026-03-26T14:15:00Z", "condition_id": "0xee3a0a35cf44279caea02d97fb83c24f3e1f2135051b4975cbd9c34eb0a8f24a", "trade_id": "0x5cee393fd6dcdb6dc6771645296f10f76fb6bb1dc0c470abd0749a49d006b300:15608047476835990462463531268266304811021392622812742105897782774288048175618:1774534209", "side": "buy", "price": 0.5399999896551706, "size": 9.666665, "outcome": "up", "asset": "15608047476835990462463531268266304811021392622812742105897782774288048175618", "transaction_hash": "0x5cee393fd6dcdb6dc6771645296f10f76fb6bb1dc0c470abd0749a49d006b300", "source": "polymarket"}
{"timestamp_utc": "2026-03-26T14:10:09Z", "market_key": "SOL5M_2026-03-26T14:15:00Z", "condition_id": "0xee3a0a35cf44279caea02d97fb83c24f3e1f2135051b4975cbd9c34eb0a8f24a", "trade_id": "0x1cb8225e5d34681fcb483addca3936dc5e8ed8f77f6f30f0646343482d789455:15608047476835990462463531268266304811021392622812742105897782774288048175618:1774534209", "side": "buy", "price": 0.5399999896551706, "size": 9.666665, "outcome": "up", "asset": "15608047476835990462463531268266304811021392622812742105897782774288048175618", "transaction_hash": "0x1cb8225e5d34681fcb483addca3936dc5e8ed8f77f6f30f0646343482d789455", "source": "polymarket"}
{"timestamp_utc": "2026-03-26T14:10:09Z", "market_key": "SOL5M_2026-03-26T14:15:00Z", "condition_id": "0xee3a0a35cf44279caea02d97fb83c24f3e1f2135051b4975cbd9c34eb0a8f24a", "trade_id": "0x4d40f9300f1bb6c0ca635625691bfe4716bafb1763505f2a4713998677a748cc:15608047476835990462463531268266304811021392622812742105897782774288048175618:1774534209", "side": "buy", "price": 0.53, "size": 10.0, "outcome": "up", "asset": "15608047476835990462463531268266304811021392622812742105897782774288048175618", "transaction_hash": "0x4d40f9300f1bb6c0ca635625691bfe4716bafb1763505f2a4713998677a748cc", "source": "polymarket"}
{"timestamp_utc": "2026-03-26T14:10:09Z", "market_key": "SOL5M_2026-03-26T14:15:00Z", "condition_id": "0xee3a0a35cf44279caea02d97fb83c24f3e1f2135051b4975cbd9c34eb0a8f24a", "trade_id": "0x9690b07d389cabcda0a8784566fe44ba561e1c7d9d827c0e644382f46d89322c:15608047476835990462463531268266304811021392622812742105897782774288048175618:1774534209", "side": "buy", "price": 0.54, "size": 18.0, "outcome": "up", "asset": "15608047476835990462463531268266304811021392622812742105897782774288048175618", "transaction_hash": "0x9690b07d389cabcda0a8784566fe44ba561e1c7d9d827c0e644382f46d89322c", "source": "polymarket"}
{"timestamp_utc": "2026-03-26T14:10:11Z", "market_key": "SOL5M_2026-03-26T14:15:00Z", "condition_id": "0xee3a0a35cf44279caea02d97fb83c24f3e1f2135051b4975cbd9c34eb0a8f24a", "trade_id": "0x17e23d2651ef808d232c2d63212bf95bfd842e45869bc850a91ecd8bf78e0bba:15608047476835990462463531268266304811021392622812742105897782774288048175618:1774534211", "side": "buy", "price": 0.5499999578544013, "size": 9.490908, "outcome": "up", "asset": "15608047476835990462463531268266304811021392622812742105897782774288048175618", "transaction_hash": "0x17e23d2651ef808d232c2d63212bf95bfd842e45869bc850a91ecd8bf78e0bba", "source": "polymarket"}
{"timestamp_utc": "2026-03-26T14:10:11Z", "market_key": "SOL5M_2026-03-26T14:15:00Z", "condition_id": "0xee3a0a35cf44279caea02d97fb83c24f3e1f2135051b4975cbd9c34eb0a8f24a", "trade_id": "0x0b2acf79f897157b1aa2d4fb3f57d5687319b35f3ad5103d7ba82061486ac476:71581559214212734459623582641570867254025690276115135164341182367173985322083:1774534211", "side": "buy", "price": 0.45, "size": 5.0, "outcome": "down", "asset": "71581559214212734459623582641570867254025690276115135164341182367173985322083", "transaction_hash": "0x0b2acf79f897157b1aa2d4fb3f57d5687319b35f3ad5103d7ba82061486ac476", "source": "polymarket"}
{"timestamp_utc": "2026-03-26T14:10:11Z", "market_key": "SOL5M_2026-03-26T14:15:00Z", "condition_id": "0xee3a0a35cf44279caea02d97fb83c24f3e1f2135051b4975cbd9c34eb0a8f24a", "trade_id": "0x8c8f5d3e74c67e88bf500c4b9683e4a2e1d0c3547c15c9ab6711b611c7605bbf:15608047476835990462463531268266304811021392622812742105897782774288048175618:1774534211", "side": "buy", "price": 0.5599999578154299, "size": 9.48214, "outcome": "up", "asset": "15608047476835990462463531268266304811021392622812742105897782774288048175618", "transaction_hash": "0x8c8f5d3e74c67e88bf500c4b9683e4a2e1d0c3547c15c9ab6711b611c7605bbf", "source": "polymarket"}
{"timestamp_utc": "2026-03-26T14:10:11Z", "market_key": "SOL5M_2026-03-26T14:15:00Z", "condition_id": "0xee3a0a35cf44279caea02d97fb83c24f3e1f2135051b4975cbd9c34eb0a8f24a", "trade_id": "0xb266debade91585c13040b524daf356fd61523ee0805a3108f29d8cc8f9d0aae:15608047476835990462463531268266304811021392622812742105897782774288048175618:1774534211", "side": "buy", "price": 0.5599999578154299, "size": 9.48214, "outcome": "up", "asset": "15608047476835990462463531268266304811021392622812742105897782774288048175618", "transaction_hash": "0xb266debade91585c13040b524daf356fd61523ee0805a3108f29d8cc8f9d0aae", "source": "polymarket"}
{"timestamp_utc": "2026-03-26T14:10:11Z", "market_key": "SOL5M_2026-03-26T14:15:00Z", "condition_id": "0xee3a0a35cf44279caea02d97fb83c24f3e1f2135051b4975cbd9c34eb0a8f24a", "trade_id": "0x41a1916387bd2d3ae1800196d5c806ebe68330a9f75937bfc55d5f089a7b2feb:15608047476835990462463531268266304811021392622812742105897782774288048175618:1774534211", "side": "buy", "price": 0.5553846153846154, "size": 13.0, "outcome": "up", "asset": "15608047476835990462463531268266304811021392622812742105897782774288048175618", "transaction_hash": "0x41a1916387bd2d3ae1800196d5c806ebe68330a9f75937bfc55d5f089a7b2feb", "source": "polymarket"}
{"timestamp_utc": "2026-03-26T14:10:13Z", "market_key": "SOL5M_2026-03-26T14:15:00Z", "condition_id": "0xee3a0a35cf44279caea02d97fb83c24f3e1f2135051b4975cbd9c34eb0a8f24a", "trade_id": "0x76fed1543288d9763e8350e3ffbb438b879585d9b78fed5776820d2ae157c0fb:15608047476835990462463531268266304811021392622812742105897782774288048175618:1774534213", "side": "buy", "price": 0.5599999578154299, "size": 9.48214, "outcome": "up", "asset": "15608047476835990462463531268266304811021392622812742105897782774288048175618", "transaction_hash": "0x76fed1543288d9763e8350e3ffbb438b879585d9b78fed5776820d2ae157c0fb", "source": "polymarket"}
{"timestamp_utc": "2026-03-26T14:10:13Z", "market_key": "SOL5M_2026-03-26T14:15:00Z", "condition_id": "0xee3a0a35cf44279caea02d97fb83c24f3e1f2135051b4975cbd9c34eb0a8f24a", "trade_id": "0x014664349e41bf1c0ed3237a7516fdfc576f81e285d2df4759b5734b867a51f5:71581559214212734459623582641570867254025690276115135164341182367173985322083:1774534213", "side": "buy", "price": 0.41, "size": 4.87, "outcome": "down", "asset": "71581559214212734459623582641570867254025690276115135164341182367173985322083", "transaction_hash": "0x014664349e41bf1c0ed3237a7516fdfc576f81e285d2df4759b5734b867a51f5", "source": "polymarket"}
{"timestamp_utc": "2026-03-26T14:10:13Z", "market_key": "SOL5M_2026-03-26T14:15:00Z", "condition_id": "0xee3a0a35cf44279caea02d97fb83c24f3e1f2135051b4975cbd9c34eb0a8f24a", "trade_id": "0x635cfd4a62f78526a52738c7ff0d614cade345759de30a7af36cc0ad7c711a22:71581559214212734459623582641570867254025690276115135164341182367173985322083:1774534213", "side": "sell", "price": 0.4, "size": 3.93, "outcome": "down", "asset": "71581559214212734459623582641570867254025690276115135164341182367173985322083", "transaction_hash": "0x635cfd4a62f78526a52738c7ff0d614cade345759de30a7af36cc0ad7c711a22", "source": "polymarket"}
{"timestamp_utc": "2026-03-26T14:10:13Z", "market_key": "SOL5M_2026-03-26T14:15:00Z", "condition_id": "0xee3a0a35cf44279caea02d97fb83c24f3e1f2135051b4975cbd9c34eb0a8f24a", "trade_id": "0xedd18dd7f7470b28727c2f215d6a463b1411f819486010b861197e4c0dd3487f:15608047476835990462463531268266304811021392622812742105897782774288048175618:1774534213", "side": "buy", "price": 0.6, "size": 9.0, "outcome": "up", "asset": "15608047476835990462463531268266304811021392622812742105897782774288048175618", "transaction_hash": "0xedd18dd7f7470b28727c2f215d6a463b1411f819486010b861197e4c0dd3487f", "source": "polymarket"}
{"timestamp_utc": "2026-03-26T14:10:13Z", "market_key": "SOL5M_2026-03-26T14:15:00Z", "condition_id": "0xee3a0a35cf44279caea02d97fb83c24f3e1f2135051b4975cbd9c34eb0a8f24a", "trade_id": "0x26e481ccd85d883ea9e44c67e146fa45a623cb78f24a93a00324b78701c4abee:71581559214212734459623582641570867254025690276115135164341182367173985322083:1774534213", "side": "sell", "price": 0.4, "size": 4.14, "outcome": "down", "asset": "71581559214212734459623582641570867254025690276115135164341182367173985322083", "transaction_hash": "0x26e481ccd85d883ea9e44c67e146fa45a623cb78f24a93a00324b78701c4abee", "source": "polymarket"}
{"timestamp_utc": "2026-03-26T14:10:15Z", "market_key": "SOL5M_2026-03-26T14:15:00Z", "condition_id": "0xee3a0a35cf44279caea02d97fb83c24f3e1f2135051b4975cbd9c34eb0a8f24a", "trade_id": "0xf7ee50fb54ff5d6e938a0a9facbbfbd2b9852e451f6994d1aa43ec8522be352e:71581559214212734459623582641570867254025690276115135164341182367173985322083:1774534215", "side": "buy", "price": 0.41, "size": 3.0, "outcome": "down", "asset": "71581559214212734459623582641570867254025690276115135164341182367173985322083", "transaction_hash": "0xf7ee50fb54ff5d6e938a0a9facbbfbd2b9852e451f6994d1aa43ec8522be352e", "source": "polymarket"}
{"timestamp_utc": "2026-03-26T14:10:15Z", "market_key": "SOL5M_2026-03-26T14:15:00Z", "condition_id": "0xee3a0a35cf44279caea02d97fb83c24f3e1f2135051b4975cbd9c34eb0a8f24a", "trade_id": "0xddf32ed32a26c9c7f9e90eaf36dd08705cbd6d776b3db5657b3b259c7900a566:15608047476835990462463531268266304811021392622812742105897782774288048175618:1774534215", "side": "buy", "price": 0.5899999675499855, "size": 3.389829, "outcome": "up", "asset": "15608047476835990462463531268266304811021392622812742105897782774288048175618", "transaction_hash": "0xddf32ed32a26c9c7f9e90eaf36dd08705cbd6d776b3db5657b3b259c7900a566", "source": "polymarket"}
{"timestamp_utc": "2026-03-26T14:10:19Z", "market_key": "SOL5M_2026-03-26T14:15:00Z", "condition_id": "0xee3a0a35cf44279caea02d97fb83c24f3e1f2135051b4975cbd9c34eb0a8f24a", "trade_id": "0x6f33a46b51b66560e1911086777a96c9050abcfac606b997785fc43e02cbf07b:71581559214212734459623582641570867254025690276115135164341182367173985322083:1774534219", "side": "buy", "price": 0.41, "size": 5.0, "outcome": "down", "asset": "71581559214212734459623582641570867254025690276115135164341182367173985322083", "transaction_hash": "0x6f33a46b51b66560e1911086777a96c9050abcfac606b997785fc43e02cbf07b", "source": "polymarket"}
{"timestamp_utc": "2026-03-26T14:10:21Z", "market_key": "SOL5M_2026-03-26T14:15:00Z", "condition_id": "0xee3a0a35cf44279caea02d97fb83c24f3e1f2135051b4975cbd9c34eb0a8f24a", "trade_id": "0xc121cf31814907877541d6d60535ab6670d26c1830c9e5b9963e8d5ce9175553:71581559214212734459623582641570867254025690276115135164341182367173985322083:1774534221", "side": "sell", "price": 0.43, "size": 2.95, "outcome": "down", "asset": "71581559214212734459623582641570867254025690276115135164341182367173985322083", "transaction_hash": "0xc121cf31814907877541d6d60535ab6670d26c1830c9e5b9963e8d5ce9175553", "source": "polymarket"}
{"timestamp_utc": "2026-03-26T14:10:23Z", "market_key": "SOL5M_2026-03-26T14:15:00Z", "condition_id": "0xee3a0a35cf44279caea02d97fb83c24f3e1f2135051b4975cbd9c34eb0a8f24a", "trade_id": "0xb8d62e96e393e78777b60d6d1e84691c174383bb3b7a32aff2bc4b9cb93aebd6:71581559214212734459623582641570867254025690276115135164341182367173985322083:1774534223", "side": "buy", "price": 0.4422670091171613, "size": 11.14711, "outcome": "down", "asset": "71581559214212734459623582641570867254025690276115135164341182367173985322083", "transaction_hash": "0xb8d62e96e393e78777b60d6d1e84691c174383bb3b7a32aff2bc4b9cb93aebd6", "source": "polymarket"}
{"timestamp_utc": "2026-03-26T14:10:27Z", "market_key": "SOL5M_2026-03-26T14:15:00Z", "condition_id": "0xee3a0a35cf44279caea02d97fb83c24f3e1f2135051b4975cbd9c34eb0a8f24a", "trade_id": "0x95fec7859b852549359232dd80f067e9ee8ca1375672227ef5087abb16e409e5:71581559214212734459623582641570867254025690276115135164341182367173985322083:1774534227", "side": "buy", "price": 0.4927639344262295, "size": 61.0, "outcome": "down", "asset": "71581559214212734459623582641570867254025690276115135164341182367173985322083", "transaction_hash": "0x95fec7859b852549359232dd80f067e9ee8ca1375672227ef5087abb16e409e5", "source": "polymarket"}
{"timestamp_utc": "2026-03-26T14:10:27Z", "market_key": "SOL5M_2026-03-26T14:15:00Z", "condition_id": "0xee3a0a35cf44279caea02d97fb83c24f3e1f2135051b4975cbd9c34eb0a8f24a", "trade_id": "0xf63fea9c2ac1048abf3a9b1bcf128c4e7c17bdbb27f9f89f1beb282d88794058:71581559214212734459623582641570867254025690276115135164341182367173985322083:1774534227", "side": "buy", "price": 0.5099999912404574, "size": 20.549018, "outcome": "down", "asset": "71581559214212734459623582641570867254025690276115135164341182367173985322083", "transaction_hash": "0xf63fea9c2ac1048abf3a9b1bcf128c4e7c17bdbb27f9f89f1beb282d88794058", "source": "polymarket"}
{"timestamp_utc": "2026-03-26T14:10:27Z", "market_key": "SOL5M_2026-03-26T14:15:00Z", "condition_id": "0xee3a0a35cf44279caea02d97fb83c24f3e1f2135051b4975cbd9c34eb0a8f24a", "trade_id": "0xea22832818f0cd846e7998488974f3f834f8f1064ed821a1df64304c06e8ad09:71581559214212734459623582641570867254025690276115135164341182367173985322083:1774534227", "side": "buy", "price": 0.5255357142857143, "size": 56.0, "outcome": "down", "asset": "71581559214212734459623582641570867254025690276115135164341182367173985322083", "transaction_hash": "0xea22832818f0cd846e7998488974f3f834f8f1064ed821a1df64304c06e8ad09", "source": "polymarket"}
{"timestamp_utc": "2026-03-26T14:10:27Z", "market_key": "SOL5M_2026-03-26T14:15:00Z", "condition_id": "0xee3a0a35cf44279caea02d97fb83c24f3e1f2135051b4975cbd9c34eb0a8f24a", "trade_id": "0x38c449993ef51738522d192d1b01981d7552923e1251a206a9ef8abcdde08bfa:71581559214212734459623582641570867254025690276115135164341182367173985322083:1774534227", "side": "buy", "price": 0.48999998137999884, "size": 20.408162, "outcome": "down", "asset": "71581559214212734459623582641570867254025690276115135164341182367173985322083", "transaction_hash": "0x38c449993ef51738522d192d1b01981d7552923e1251a206a9ef8abcdde08bfa", "source": "polymarket"}
{"timestamp_utc": "2026-03-26T14:10:27Z", "market_key": "SOL5M_2026-03-26T14:15:00Z", "condition_id": "0xee3a0a35cf44279caea02d97fb83c24f3e1f2135051b4975cbd9c34eb0a8f24a", "trade_id": "0x69793790bb75a4a0cbddcf7486e9f8c64c296ed0ffb2f3290a0f3ebca26ea866:71581559214212734459623582641570867254025690276115135164341182367173985322083:1774534227", "side": "buy", "price": 0.5099999894690237, "size": 6.647057, "outcome": "down", "asset": "71581559214212734459623582641570867254025690276115135164341182367173985322083", "transaction_hash": "0x69793790bb75a4a0cbddcf7486e9f8c64c296ed0ffb2f3290a0f3ebca26ea866", "source": "polymarket"}
{"timestamp_utc": "2026-03-26T14:10:27Z", "market_key": "SOL5M_2026-03-26T14:15:00Z", "condition_id": "0xee3a0a35cf44279caea02d97fb83c24f3e1f2135051b4975cbd9c34eb0a8f24a", "trade_id": "0x52df47fb1e68a73878f1bc29fd2e53ac315c549ce7853bbdf9ae72e855248860:71581559214212734459623582641570867254025690276115135164341182367173985322083:1774534227", "side": "buy", "price": 0.49, "size": 10.2, "outcome": "down", "asset": "71581559214212734459623582641570867254025690276115135164341182367173985322083", "transaction_hash": "0x52df47fb1e68a73878f1bc29fd2e53ac315c549ce7853bbdf9ae72e855248860", "source": "polymarket"}
{"timestamp_utc": "2026-03-26T14:10:27Z", "market_key": "SOL5M_2026-03-26T14:15:00Z", "condition_id": "0xee3a0a35cf44279caea02d97fb83c24f3e1f2135051b4975cbd9c34eb0a8f24a", "trade_id": "0x1c7075d44f295f369427facbde76c22cc7715f26e51bbf837103a2eccfa51b60:71581559214212734459623582641570867254025690276115135164341182367173985322083:1774534227", "side": "buy", "price": 0.49, "size": 61.0, "outcome": "down", "asset": "71581559214212734459623582641570867254025690276115135164341182367173985322083", "transaction_hash": "0x1c7075d44f295f369427facbde76c22cc7715f26e51bbf837103a2eccfa51b60", "source": "polymarket"}
{"timestamp_utc": "2026-03-26T14:10:27Z", "market_key": "SOL5M_2026-03-26T14:15:00Z", "condition_id": "0xee3a0a35cf44279caea02d97fb83c24f3e1f2135051b4975cbd9c34eb0a8f24a", "trade_id": "0xa93a580eddc8891d3b38a2cc7d5fb17b1ff99e70f7fb018c67151c3dbd18970f:71581559214212734459623582641570867254025690276115135164341182367173985322083:1774534227", "side": "buy", "price": 0.49, "size": 25.0, "outcome": "down", "asset": "71581559214212734459623582641570867254025690276115135164341182367173985322083", "transaction_hash": "0xa93a580eddc8891d3b38a2cc7d5fb17b1ff99e70f7fb018c67151c3dbd18970f", "source": "polymarket"}
{"timestamp_utc": "2026-03-26T14:10:27Z", "market_key": "SOL5M_2026-03-26T14:15:00Z", "condition_id": "0xee3a0a35cf44279caea02d97fb83c24f3e1f2135051b4975cbd9c34eb0a8f24a", "trade_id": "0xb3652a0d388cd8f2110a2ce3dab6266311777f50759fdb3e0f757a88c113be71:71581559214212734459623582641570867254025690276115135164341182367173985322083:1774534227", "side": "buy", "price": 0.49, "size": 61.0, "outcome": "down", "asset": "71581559214212734459623582641570867254025690276115135164341182367173985322083", "transaction_hash": "0xb3652a0d388cd8f2110a2ce3dab6266311777f50759fdb3e0f757a88c113be71", "source": "polymarket"}
{"timestamp_utc": "2026-03-26T14:10:27Z", "market_key": "SOL5M_2026-03-26T14:15:00Z", "condition_id": "0xee3a0a35cf44279caea02d97fb83c24f3e1f2135051b4975cbd9c34eb0a8f24a", "trade_id": "0x4796ab725a5159b66f638317e9555d619bf8054444d38afae5ca8194109e80d8:71581559214212734459623582641570867254025690276115135164341182367173985322083:1774534227", "side": "buy", "price": 0.49, "size": 61.0, "outcome": "down", "asset": "71581559214212734459623582641570867254025690276115135164341182367173985322083", "transaction_hash": "0x4796ab725a5159b66f638317e9555d619bf8054444d38afae5ca8194109e80d8", "source": "polymarket"}
{"timestamp_utc": "2026-03-26T14:10:27Z", "market_key": "SOL5M_2026-03-26T14:15:00Z", "condition_id": "0xee3a0a35cf44279caea02d97fb83c24f3e1f2135051b4975cbd9c34eb0a8f24a", "trade_id": "0xe12e55ba68d02e72a5e29e84fef3c4bd3927cac02ca1c7a00c87d40afbd15759:71581559214212734459623582641570867254025690276115135164341182367173985322083:1774534227", "side": "buy", "price": 0.465, "size": 10.0, "outcome": "down", "asset": "71581559214212734459623582641570867254025690276115135164341182367173985322083", "transaction_hash": "0xe12e55ba68d02e72a5e29e84fef3c4bd3927cac02ca1c7a00c87d40afbd15759", "source": "polymarket"}
{"timestamp_utc": "2026-03-26T14:10:27Z", "market_key": "SOL5M_2026-03-26T14:15:00Z", "condition_id": "0xee3a0a35cf44279caea02d97fb83c24f3e1f2135051b4975cbd9c34eb0a8f24a", "trade_id": "0xcb21f6535579efc21a94e2d03a96cb2e3271afdf8f44544af135c2b0e13b62e9:71581559214212734459623582641570867254025690276115135164341182367173985322083:1774534227", "side": "buy", "price": 0.48999999237353803, "size": 5.244896, "outcome": "down", "asset": "71581559214212734459623582641570867254025690276115135164341182367173985322083", "transaction_hash": "0xcb21f6535579efc21a94e2d03a96cb2e3271afdf8f44544af135c2b0e13b62e9", "source": "polymarket"}
{"timestamp_utc": "2026-03-26T14:10:27Z", "market_key": "SOL5M_2026-03-26T14:15:00Z", "condition_id": "0xee3a0a35cf44279caea02d97fb83c24f3e1f2135051b4975cbd9c34eb0a8f24a", "trade_id": "0x8c7cb533c331b84018dea74c678cfc62973016d14914dca9544020c7c002463e:71581559214212734459623582641570867254025690276115135164341182367173985322083:1774534227", "side": "buy", "price": 0.49, "size": 15.0, "outcome": "down", "asset": "71581559214212734459623582641570867254025690276115135164341182367173985322083", "transaction_hash": "0x8c7cb533c331b84018dea74c678cfc62973016d14914dca9544020c7c002463e", "source": "polymarket"}
{"timestamp_utc": "2026-03-26T14:10:27Z", "market_key": "SOL5M_2026-03-26T14:15:00Z", "condition_id": "0xee3a0a35cf44279caea02d97fb83c24f3e1f2135051b4975cbd9c34eb0a8f24a", "trade_id": "0x41bd667b9e5bae4fd4387de4069e0b083d31b0fb39e084a9db62649f5fc63aac:71581559214212734459623582641570867254025690276115135164341182367173985322083:1774534227", "side": "buy", "price": 0.48999998911110915, "size": 10.102039, "outcome": "down", "asset": "71581559214212734459623582641570867254025690276115135164341182367173985322083", "transaction_hash": "0x41bd667b9e5bae4fd4387de4069e0b083d31b0fb39e084a9db62649f5fc63aac", "source": "polymarket"}
{"timestamp_utc": "2026-03-26T14:10:27Z", "market_key": "SOL5M_2026-03-26T14:15:00Z", "condition_id": "0xee3a0a35cf44279caea02d97fb83c24f3e1f2135051b4975cbd9c34eb0a8f24a", "trade_id": "0xa91ed1278badb52f65e735e1c6a4b0f6407e7dae4abcdb6aa9d2bac6058b9d76:71581559214212734459623582641570867254025690276115135164341182367173985322083:1774534227", "side": "buy", "price": 0.4813909028154126, "size": 13.938774, "outcome": "down", "asset": "71581559214212734459623582641570867254025690276115135164341182367173985322083", "transaction_hash": "0xa91ed1278badb52f65e735e1c6a4b0f6407e7dae4abcdb6aa9d2bac6058b9d76", "source": "polymarket"}
{"timestamp_utc": "2026-03-26T14:10:27Z", "market_key": "SOL5M_2026-03-26T14:15:00Z", "condition_id": "0xee3a0a35cf44279caea02d97fb83c24f3e1f2135051b4975cbd9c34eb0a8f24a", "trade_id": "0x06775da831dd373cdfde7f74f91f24bab0c6ff25e243348277da7eac023b3a9c:71581559214212734459623582641570867254025690276115135164341182367173985322083:1774534227", "side": "buy", "price": 0.4899999788387705, "size": 21.265305, "outcome": "down", "asset": "71581559214212734459623582641570867254025690276115135164341182367173985322083", "transaction_hash": "0x06775da831dd373cdfde7f74f91f24bab0c6ff25e243348277da7eac023b3a9c", "source": "polymarket"}
{"timestamp_utc": "2026-03-26T14:10:29Z", "market_key": "SOL5M_2026-03-26T14:15:00Z", "condition_id": "0xee3a0a35cf44279caea02d97fb83c24f3e1f2135051b4975cbd9c34eb0a8f24a", "trade_id": "0x82c61c70f54d6119d2d23ea4a47d1d86d7c4ae80cafcadf5a08cd9b414bdf745:15608047476835990462463531268266304811021392622812742105897782774288048175618:1774534229", "side": "buy", "price": 0.509999956649982, "size": 3.921567, "outcome": "up", "asset": "15608047476835990462463531268266304811021392622812742105897782774288048175618", "transaction_hash": "0x82c61c70f54d6119d2d23ea4a47d1d86d7c4ae80cafcadf5a08cd9b414bdf745", "source": "polymarket"}
{"timestamp_utc": "2026-03-26T14:10:29Z", "market_key": "SOL5M_2026-03-26T14:15:00Z", "condition_id": "0xee3a0a35cf44279caea02d97fb83c24f3e1f2135051b4975cbd9c34eb0a8f24a", "trade_id": "0x8f9d0c50c8104baff533688f997e3d528f402fe138af6dc0efe6385449303c6b:15608047476835990462463531268266304811021392622812742105897782774288048175618:1774534229", "side": "buy", "price": 0.48, "size": 5.0, "outcome": "up", "asset": "15608047476835990462463531268266304811021392622812742105897782774288048175618", "transaction_hash": "0x8f9d0c50c8104baff533688f997e3d528f402fe138af6dc0efe6385449303c6b", "source": "polymarket"}
{"timestamp_utc": "2026-03-26T14:10:29Z", "market_key": "SOL5M_2026-03-26T14:15:00Z", "condition_id": "0xee3a0a35cf44279caea02d97fb83c24f3e1f2135051b4975cbd9c34eb0a8f24a", "trade_id": "0x576f3b46c869a76846ea8a3584409114f30fae09bdde1d4757343167c99148fa:71581559214212734459623582641570867254025690276115135164341182367173985322083:1774534229", "side": "buy", "price": 0.51, "size": 46.72, "outcome": "down", "asset": "71581559214212734459623582641570867254025690276115135164341182367173985322083", "transaction_hash": "0x576f3b46c869a76846ea8a3584409114f30fae09bdde1d4757343167c99148fa", "source": "polymarket"}
{"timestamp_utc": "2026-03-26T14:10:31Z", "market_key": "SOL5M_2026-03-26T14:15:00Z", "condition_id": "0xee3a0a35cf44279caea02d97fb83c24f3e1f2135051b4975cbd9c34eb0a8f24a", "trade_id": "0xa03673cd9412053d13cf411d5d8c6a57b9bf3867de4ad41f18ae00517b27442a:15608047476835990462463531268266304811021392622812742105897782774288048175618:1774534231", "side": "buy", "price": 0.54, "size": 15.0, "outcome": "up", "asset": "15608047476835990462463531268266304811021392622812742105897782774288048175618", "transaction_hash": "0xa03673cd9412053d13cf411d5d8c6a57b9bf3867de4ad41f18ae00517b27442a", "source": "polymarket"}
{"timestamp_utc": "2026-03-26T14:10:31Z", "market_key": "SOL5M_2026-03-26T14:15:00Z", "condition_id": "0xee3a0a35cf44279caea02d97fb83c24f3e1f2135051b4975cbd9c34eb0a8f24a", "trade_id": "0xbe5b130d879fd4057f30f6857a38116da364ecfb5c68415057e40ca66273460c:71581559214212734459623582641570867254025690276115135164341182367173985322083:1774534231", "side": "buy", "price": 0.5, "size": 5.0, "outcome": "down", "asset": "71581559214212734459623582641570867254025690276115135164341182367173985322083", "transaction_hash": "0xbe5b130d879fd4057f30f6857a38116da364ecfb5c68415057e40ca66273460c", "source": "polymarket"}
{"timestamp_utc": "2026-03-26T14:10:33Z", "market_key": "SOL5M_2026-03-26T14:15:00Z", "condition_id": "0xee3a0a35cf44279caea02d97fb83c24f3e1f2135051b4975cbd9c34eb0a8f24a", "trade_id": "0x9623b9c264bc8592e28b4e8b4ad465f551d01ddf21a550622b0c71f4fbc39c8d:71581559214212734459623582641570867254025690276115135164341182367173985322083:1774534233", "side": "buy", "price": 0.49, "size": 5.0, "outcome": "down", "asset": "71581559214212734459623582641570867254025690276115135164341182367173985322083", "transaction_hash": "0x9623b9c264bc8592e28b4e8b4ad465f551d01ddf21a550622b0c71f4fbc39c8d", "source": "polymarket"}
{"timestamp_utc": "2026-03-26T14:10:33Z", "market_key": "SOL5M_2026-03-26T14:15:00Z", "condition_id": "0xee3a0a35cf44279caea02d97fb83c24f3e1f2135051b4975cbd9c34eb0a8f24a", "trade_id": "0xd3bcd03940f4d084b99521b8c81ba766c2cba459742a41dd3b35dc7417b85df0:71581559214212734459623582641570867254025690276115135164341182367173985322083:1774534233", "side": "sell", "price": 0.45796812749003984, "size": 12.55, "outcome": "down", "asset": "71581559214212734459623582641570867254025690276115135164341182367173985322083", "transaction_hash": "0xd3bcd03940f4d084b99521b8c81ba766c2cba459742a41dd3b35dc7417b85df0", "source": "polymarket"}
{"timestamp_utc": "2026-03-26T14:10:33Z", "market_key": "SOL5M_2026-03-26T14:15:00Z", "condition_id": "0xee3a0a35cf44279caea02d97fb83c24f3e1f2135051b4975cbd9c34eb0a8f24a", "trade_id": "0x5fb516282b9bd31edcb617f3eef406c339562413b364da0a355998025e4a9803:15608047476835990462463531268266304811021392622812742105897782774288048175618:1774534233", "side": "sell", "price": 0.54, "size": 8.61, "outcome": "up", "asset": "15608047476835990462463531268266304811021392622812742105897782774288048175618", "transaction_hash": "0x5fb516282b9bd31edcb617f3eef406c339562413b364da0a355998025e4a9803", "source": "polymarket"}
{"timestamp_utc": "2026-03-26T14:10:35Z", "market_key": "SOL5M_2026-03-26T14:15:00Z", "condition_id": "0xee3a0a35cf44279caea02d97fb83c24f3e1f2135051b4975cbd9c34eb0a8f24a", "trade_id": "0x299dcb8cf5fe233faa4c87c860fbd80fbb607db1f71c968210952aa4844a72c2:71581559214212734459623582641570867254025690276115135164341182367173985322083:1774534235", "side": "buy", "price": 0.4899999737499967, "size": 11.42857, "outcome": "down", "asset": "71581559214212734459623582641570867254025690276115135164341182367173985322083", "transaction_hash": "0x299dcb8cf5fe233faa4c87c860fbd80fbb607db1f71c968210952aa4844a72c2", "source": "polymarket"}
{"timestamp_utc": "2026-03-26T14:10:35Z", "market_key": "SOL5M_2026-03-26T14:15:00Z", "condition_id": "0xee3a0a35cf44279caea02d97fb83c24f3e1f2135051b4975cbd9c34eb0a8f24a", "trade_id": "0xc2540d2e15eba72ddc2cbc3cf06efa15d4bc96c08ada9976924c2b81a68884af:15608047476835990462463531268266304811021392622812742105897782774288048175618:1774534235", "side": "sell", "price": 0.51, "size": 10.0, "outcome": "up", "asset": "15608047476835990462463531268266304811021392622812742105897782774288048175618", "transaction_hash": "0xc2540d2e15eba72ddc2cbc3cf06efa15d4bc96c08ada9976924c2b81a68884af", "source": "polymarket"}
{"timestamp_utc": "2026-03-26T14:10:37Z", "market_key": "SOL5M_2026-03-26T14:15:00Z", "condition_id": "0xee3a0a35cf44279caea02d97fb83c24f3e1f2135051b4975cbd9c34eb0a8f24a", "trade_id": "0x1c63372c62f96323a09695cb09852ed5e8e8ae4adb5c672b7581cbd182e6417c:15608047476835990462463531268266304811021392622812742105897782774288048175618:1774534237", "side": "buy", "price": 0.5099999735192271, "size": 10.196077, "outcome": "up", "asset": "15608047476835990462463531268266304811021392622812742105897782774288048175618", "transaction_hash": "0x1c63372c62f96323a09695cb09852ed5e8e8ae4adb5c672b7581cbd182e6417c", "source": "polymarket"}
{"timestamp_utc": "2026-03-26T14:10:41Z", "market_key": "SOL5M_2026-03-26T14:15:00Z", "condition_id": "0xee3a0a35cf44279caea02d97fb83c24f3e1f2135051b4975cbd9c34eb0a8f24a", "trade_id": "0x0846fa902b815543d84c8a18a9265db8527886147e6b911f06154b01d2cfc173:71581559214212734459623582641570867254025690276115135164341182367173985322083:1774534241", "side": "buy", "price": 0.56, "size": 7.625, "outcome": "down", "asset": "71581559214212734459623582641570867254025690276115135164341182367173985322083", "transaction_hash": "0x0846fa902b815543d84c8a18a9265db8527886147e6b911f06154b01d2cfc173", "source": "polymarket"}
{"timestamp_utc": "2026-03-26T14:10:41Z", "market_key": "SOL5M_2026-03-26T14:15:00Z", "condition_id": "0xee3a0a35cf44279caea02d97fb83c24f3e1f2135051b4975cbd9c34eb0a8f24a", "trade_id": "0xf06232c70de3c98d420c488a0f328b09164eb6cee4bd1060690d8e897d2189fa:15608047476835990462463531268266304811021392622812742105897782774288048175618:1774534241", "side": "sell", "price": 0.44, "size": 13.81, "outcome": "up", "asset": "15608047476835990462463531268266304811021392622812742105897782774288048175618", "transaction_hash": "0xf06232c70de3c98d420c488a0f328b09164eb6cee4bd1060690d8e897d2189fa", "source": "polymarket"}
{"timestamp_utc": "2026-03-26T14:10:45Z", "market_key": "SOL5M_2026-03-26T14:15:00Z", "condition_id": "0xee3a0a35cf44279caea02d97fb83c24f3e1f2135051b4975cbd9c34eb0a8f24a", "trade_id": "0xd02f78b99cc4196d18415c5a2826be99af9b1890c8966cff631ca6c0de4ccd0e:71581559214212734459623582641570867254025690276115135164341182367173985322083:1774534245", "side": "buy", "price": 0.58, "size": 18.65, "outcome": "down", "asset": "71581559214212734459623582641570867254025690276115135164341182367173985322083", "transaction_hash": "0xd02f78b99cc4196d18415c5a2826be99af9b1890c8966cff631ca6c0de4ccd0e", "source": "polymarket"}
{"timestamp_utc": "2026-03-26T14:10:45Z", "market_key": "SOL5M_2026-03-26T14:15:00Z", "condition_id": "0xee3a0a35cf44279caea02d97fb83c24f3e1f2135051b4975cbd9c34eb0a8f24a", "trade_id": "0xc0e37e8a51da84af6d270043f44c36085311684fa9d2516207a6b19d8dd90f5c:71581559214212734459623582641570867254025690276115135164341182367173985322083:1774534245", "side": "buy", "price": 0.5799999873913012, "size": 6.344826, "outcome": "down", "asset": "71581559214212734459623582641570867254025690276115135164341182367173985322083", "transaction_hash": "0xc0e37e8a51da84af6d270043f44c36085311684fa9d2516207a6b19d8dd90f5c", "source": "polymarket"}
{"timestamp_utc": "2026-03-26T14:10:45Z", "market_key": "SOL5M_2026-03-26T14:15:00Z", "condition_id": "0xee3a0a35cf44279caea02d97fb83c24f3e1f2135051b4975cbd9c34eb0a8f24a", "trade_id": "0x7560b7cb878cff4a662496230d145d08f7f4b5f12420224231411de97d81a537:71581559214212734459623582641570867254025690276115135164341182367173985322083:1774534245", "side": "buy", "price": 0.5859257621077643, "size": 39.271185, "outcome": "down", "asset": "71581559214212734459623582641570867254025690276115135164341182367173985322083", "transaction_hash": "0x7560b7cb878cff4a662496230d145d08f7f4b5f12420224231411de97d81a537", "source": "polymarket"}
{"timestamp_utc": "2026-03-26T14:10:45Z", "market_key": "SOL5M_2026-03-26T14:15:00Z", "condition_id": "0xee3a0a35cf44279caea02d97fb83c24f3e1f2135051b4975cbd9c34eb0a8f24a", "trade_id": "0xb6bd36df232eb80fd8efe465fc6926ab68800a6b5b9761b47158381487689de5:15608047476835990462463531268266304811021392622812742105897782774288048175618:1774534245", "side": "sell", "price": 0.43, "size": 3.5, "outcome": "up", "asset": "15608047476835990462463531268266304811021392622812742105897782774288048175618", "transaction_hash": "0xb6bd36df232eb80fd8efe465fc6926ab68800a6b5b9761b47158381487689de5", "source": "polymarket"}
{"timestamp_utc": "2026-03-26T14:10:47Z", "market_key": "SOL5M_2026-03-26T14:15:00Z", "condition_id": "0xee3a0a35cf44279caea02d97fb83c24f3e1f2135051b4975cbd9c34eb0a8f24a", "trade_id": "0x254d9d51a5c39af313afc7f67473c44679699a6f64ef63c9e06fe63012279ee4:15608047476835990462463531268266304811021392622812742105897782774288048175618:1774534247", "side": "buy", "price": 0.44, "size": 5.0, "outcome": "up", "asset": "15608047476835990462463531268266304811021392622812742105897782774288048175618", "transaction_hash": "0x254d9d51a5c39af313afc7f67473c44679699a6f64ef63c9e06fe63012279ee4", "source": "polymarket"}
{"timestamp_utc": "2026-03-26T14:10:47Z", "market_key": "SOL5M_2026-03-26T14:15:00Z", "condition_id": "0xee3a0a35cf44279caea02d97fb83c24f3e1f2135051b4975cbd9c34eb0a8f24a", "trade_id": "0xbecda3159c68a14329063f076bc5f06fdb293b2142dc6060abf63e47c0189f29:15608047476835990462463531268266304811021392622812742105897782774288048175618:1774534247", "side": "buy", "price": 0.44, "size": 15.0, "outcome": "up", "asset": "15608047476835990462463531268266304811021392622812742105897782774288048175618", "transaction_hash": "0xbecda3159c68a14329063f076bc5f06fdb293b2142dc6060abf63e47c0189f29", "source": "polymarket"}
{"timestamp_utc": "2026-03-26T14:10:47Z", "market_key": "SOL5M_2026-03-26T14:15:00Z", "condition_id": "0xee3a0a35cf44279caea02d97fb83c24f3e1f2135051b4975cbd9c34eb0a8f24a", "trade_id": "0xc8064b38336f5fc289e144564f157fc5024c9363b9cf9e2fdde86ec79c2389b0:71581559214212734459623582641570867254025690276115135164341182367173985322083:1774534247", "side": "buy", "price": 0.59, "size": 80.0, "outcome": "down", "asset": "71581559214212734459623582641570867254025690276115135164341182367173985322083", "transaction_hash": "0xc8064b38336f5fc289e144564f157fc5024c9363b9cf9e2fdde86ec79c2389b0", "source": "polymarket"}
{"timestamp_utc": "2026-03-26T14:10:49Z", "market_key": "SOL5M_2026-03-26T14:15:00Z", "condition_id": "0xee3a0a35cf44279caea02d97fb83c24f3e1f2135051b4975cbd9c34eb0a8f24a", "trade_id": "0xa0c630ad9199eb18178cca5250733cb155823f9fc6ac4d1d3f906a832e5ad079:15608047476835990462463531268266304811021392622812742105897782774288048175618:1774534249", "side": "sell", "price": 0.44, "size": 3.86, "outcome": "up", "asset": "15608047476835990462463531268266304811021392622812742105897782774288048175618", "transaction_hash": "0xa0c630ad9199eb18178cca5250733cb155823f9fc6ac4d1d3f906a832e5ad079", "source": "polymarket"}
{"timestamp_utc": "2026-03-26T14:10:49Z", "market_key": "SOL5M_2026-03-26T14:15:00Z", "condition_id": "0xee3a0a35cf44279caea02d97fb83c24f3e1f2135051b4975cbd9c34eb0a8f24a", "trade_id": "0xa5b868e06222b7e288be10fbd15739c91645c2fd510ed1e216abdfdda88746bc:71581559214212734459623582641570867254025690276115135164341182367173985322083:1774534249", "side": "buy", "price": 0.58, "size": 14.29, "outcome": "down", "asset": "71581559214212734459623582641570867254025690276115135164341182367173985322083", "transaction_hash": "0xa5b868e06222b7e288be10fbd15739c91645c2fd510ed1e216abdfdda88746bc", "source": "polymarket"}
{"timestamp_utc": "2026-03-26T14:10:53Z", "market_key": "SOL5M_2026-03-26T14:15:00Z", "condition_id": "0xee3a0a35cf44279caea02d97fb83c24f3e1f2135051b4975cbd9c34eb0a8f24a", "trade_id": "0xaffc8f582a7819f786dcbf6c7fade3c778ec1da4f0fab2b6c4e179e3aed19725:15608047476835990462463531268266304811021392622812742105897782774288048175618:1774534253", "side": "buy", "price": 0.4699999950377067, "size": 14.106381, "outcome": "up", "asset": "15608047476835990462463531268266304811021392622812742105897782774288048175618", "transaction_hash": "0xaffc8f582a7819f786dcbf6c7fade3c778ec1da4f0fab2b6c4e179e3aed19725", "source": "polymarket"}
{"timestamp_utc": "2026-03-26T14:10:55Z", "market_key": "SOL5M_2026-03-26T14:15:00Z", "condition_id": "0xee3a0a35cf44279caea02d97fb83c24f3e1f2135051b4975cbd9c34eb0a8f24a", "trade_id": "0xe3ee4c957f7bad9c35642e664db849ab65adec4cfb576179c60e52f1df4cb92a:71581559214212734459623582641570867254025690276115135164341182367173985322083:1774534255", "side": "buy", "price": 0.54, "size": 5.0, "outcome": "down", "asset": "71581559214212734459623582641570867254025690276115135164341182367173985322083", "transaction_hash": "0xe3ee4c957f7bad9c35642e664db849ab65adec4cfb576179c60e52f1df4cb92a", "source": "polymarket"}
{"timestamp_utc": "2026-03-26T14:10:57Z", "market_key": "SOL5M_2026-03-26T14:15:00Z", "condition_id": "0xee3a0a35cf44279caea02d97fb83c24f3e1f2135051b4975cbd9c34eb0a8f24a", "trade_id": "0x912e09b97e5c08ed04e103f64faabb8e21d17e14cb64d43353e9d75e3591123c:15608047476835990462463531268266304811021392622812742105897782774288048175618:1774534257", "side": "sell", "price": 0.44, "size": 10.0, "outcome": "up", "asset": "15608047476835990462463531268266304811021392622812742105897782774288048175618", "transaction_hash": "0x912e09b97e5c08ed04e103f64faabb8e21d17e14cb64d43353e9d75e3591123c", "source": "polymarket"}
{"timestamp_utc": "2026-03-26T14:11:01Z", "market_key": "SOL5M_2026-03-26T14:15:00Z", "condition_id": "0xee3a0a35cf44279caea02d97fb83c24f3e1f2135051b4975cbd9c34eb0a8f24a", "trade_id": "0x899566c2a77dee71e21b1fcdfbfa13e899f252f8ea0f195ebb0fcc81f9ed710e:15608047476835990462463531268266304811021392622812742105897782774288048175618:1774534261", "side": "buy", "price": 0.44, "size": 5.0, "outcome": "up", "asset": "15608047476835990462463531268266304811021392622812742105897782774288048175618", "transaction_hash": "0x899566c2a77dee71e21b1fcdfbfa13e899f252f8ea0f195ebb0fcc81f9ed710e", "source": "polymarket"}
{"timestamp_utc": "2026-03-26T14:11:01Z", "market_key": "SOL5M_2026-03-26T14:15:00Z", "condition_id": "0xee3a0a35cf44279caea02d97fb83c24f3e1f2135051b4975cbd9c34eb0a8f24a", "trade_id": "0xa9348e85d7dc89cf263a98d877830e2fc9fa07ce7011ab8c7bab6d9aa39ff632:71581559214212734459623582641570867254025690276115135164341182367173985322083:1774534261", "side": "buy", "price": 0.57, "size": 5.0, "outcome": "down", "asset": "71581559214212734459623582641570867254025690276115135164341182367173985322083", "transaction_hash": "0xa9348e85d7dc89cf263a98d877830e2fc9fa07ce7011ab8c7bab6d9aa39ff632", "source": "polymarket"}
{"timestamp_utc": "2026-03-26T14:11:01Z", "market_key": "SOL5M_2026-03-26T14:15:00Z", "condition_id": "0xee3a0a35cf44279caea02d97fb83c24f3e1f2135051b4975cbd9c34eb0a8f24a", "trade_id": "0x8bc55e5a1d59809a0e0989ec7dc042ac947c6787d8419022aa6abcd7ddf187cd:15608047476835990462463531268266304811021392622812742105897782774288048175618:1774534261", "side": "buy", "price": 0.43, "size": 8.62, "outcome": "up", "asset": "15608047476835990462463531268266304811021392622812742105897782774288048175618", "transaction_hash": "0x8bc55e5a1d59809a0e0989ec7dc042ac947c6787d8419022aa6abcd7ddf187cd", "source": "polymarket"}
{"timestamp_utc": "2026-03-26T14:11:03Z", "market_key": "SOL5M_2026-03-26T14:15:00Z", "condition_id": "0xee3a0a35cf44279caea02d97fb83c24f3e1f2135051b4975cbd9c34eb0a8f24a", "trade_id": "0x40b35159ad0b404dfa335945020ee6593afcabe36a2454c067cabb6e91b52b77:15608047476835990462463531268266304811021392622812742105897782774288048175618:1774534263", "side": "buy", "price": 0.4599998700564605, "size": 3.847825, "outcome": "up", "asset": "15608047476835990462463531268266304811021392622812742105897782774288048175618", "transaction_hash": "0x40b35159ad0b404dfa335945020ee6593afcabe36a2454c067cabb6e91b52b77", "source": "polymarket"}
{"timestamp_utc": "2026-03-26T14:11:03Z", "market_key": "SOL5M_2026-03-26T14:15:00Z", "condition_id": "0xee3a0a35cf44279caea02d97fb83c24f3e1f2135051b4975cbd9c34eb0a8f24a", "trade_id": "0xb5888e330723d5638af6f2b0467960b2721aa6d4776e1f4c23029a691fa9840e:15608047476835990462463531268266304811021392622812742105897782774288048175618:1774534263", "side": "buy", "price": 0.44, "size": 2.0, "outcome": "up", "asset": "15608047476835990462463531268266304811021392622812742105897782774288048175618", "transaction_hash": "0xb5888e330723d5638af6f2b0467960b2721aa6d4776e1f4c23029a691fa9840e", "source": "polymarket"}
{"timestamp_utc": "2026-03-26T14:11:03Z", "market_key": "SOL5M_2026-03-26T14:15:00Z", "condition_id": "0xee3a0a35cf44279caea02d97fb83c24f3e1f2135051b4975cbd9c34eb0a8f24a", "trade_id": "0x043ce18c0f9585c57658b8599d12214e83c216659713e178cdb48e3845851cff:15608047476835990462463531268266304811021392622812742105897782774288048175618:1774534263", "side": "buy", "price": 0.4599997607998852, "size": 2.173912, "outcome": "up", "asset": "15608047476835990462463531268266304811021392622812742105897782774288048175618", "transaction_hash": "0x043ce18c0f9585c57658b8599d12214e83c216659713e178cdb48e3845851cff", "source": "polymarket"}
{"timestamp_utc": "2026-03-26T14:11:05Z", "market_key": "SOL5M_2026-03-26T14:15:00Z", "condition_id": "0xee3a0a35cf44279caea02d97fb83c24f3e1f2135051b4975cbd9c34eb0a8f24a", "trade_id": "0xc94d21a461b454221b4c77c69196912c79bb7dff6374f1c8fd56bf470f67ae04:71581559214212734459623582641570867254025690276115135164341182367173985322083:1774534265", "side": "buy", "price": 0.5599999253332935, "size": 5.35714, "outcome": "down", "asset": "71581559214212734459623582641570867254025690276115135164341182367173985322083", "transaction_hash": "0xc94d21a461b454221b4c77c69196912c79bb7dff6374f1c8fd56bf470f67ae04", "source": "polymarket"}
{"timestamp_utc": "2026-03-26T14:11:05Z", "market_key": "SOL5M_2026-03-26T14:15:00Z", "condition_id": "0xee3a0a35cf44279caea02d97fb83c24f3e1f2135051b4975cbd9c34eb0a8f24a", "trade_id": "0x374cc943bf30d9b95623d69ebc29aa82ed888f3fba818aba19c981f42c0e5dc1:71581559214212734459623582641570867254025690276115135164341182367173985322083:1774534265", "side": "buy", "price": 0.5699999965799997, "size": 17.543858, "outcome": "down", "asset": "71581559214212734459623582641570867254025690276115135164341182367173985322083", "transaction_hash": "0x374cc943bf30d9b95623d69ebc29aa82ed888f3fba818aba19c981f42c0e5dc1", "source": "polymarket"}
{"timestamp_utc": "2026-03-26T14:11:07Z", "market_key": "SOL5M_2026-03-26T14:15:00Z", "condition_id": "0xee3a0a35cf44279caea02d97fb83c24f3e1f2135051b4975cbd9c34eb0a8f24a", "trade_id": "0x87db8368c9d94f3566b28155326ab4b8e162434d2db2854c17bc1723925f6316:15608047476835990462463531268266304811021392622812742105897782774288048175618:1774534267", "side": "sell", "price": 0.4, "size": 3.19, "outcome": "up", "asset": "15608047476835990462463531268266304811021392622812742105897782774288048175618", "transaction_hash": "0x87db8368c9d94f3566b28155326ab4b8e162434d2db2854c17bc1723925f6316", "source": "polymarket"}
{"timestamp_utc": "2026-03-26T14:11:07Z", "market_key": "SOL5M_2026-03-26T14:15:00Z", "condition_id": "0xee3a0a35cf44279caea02d97fb83c24f3e1f2135051b4975cbd9c34eb0a8f24a", "trade_id": "0xa54b28621b7aef899831250a908f0ac3824490a6cce34e6b4c84a71b19ea38a9:71581559214212734459623582641570867254025690276115135164341182367173985322083:1774534267", "side": "buy", "price": 0.6, "size": 15.0, "outcome": "down", "asset": "71581559214212734459623582641570867254025690276115135164341182367173985322083", "transaction_hash": "0xa54b28621b7aef899831250a908f0ac3824490a6cce34e6b4c84a71b19ea38a9", "source": "polymarket"}
{"timestamp_utc": "2026-03-26T14:11:07Z", "market_key": "SOL5M_2026-03-26T14:15:00Z", "condition_id": "0xee3a0a35cf44279caea02d97fb83c24f3e1f2135051b4975cbd9c34eb0a8f24a", "trade_id": "0x3fc622b498fcdcec9357c145c4b4169a09a86c0b7f3aa71fc602ff64f804d5a8:15608047476835990462463531268266304811021392622812742105897782774288048175618:1774534267", "side": "sell", "price": 0.4, "size": 19.25, "outcome": "up", "asset": "15608047476835990462463531268266304811021392622812742105897782774288048175618", "transaction_hash": "0x3fc622b498fcdcec9357c145c4b4169a09a86c0b7f3aa71fc602ff64f804d5a8", "source": "polymarket"}
{"timestamp_utc": "2026-03-26T14:11:09Z", "market_key": "SOL5M_2026-03-26T14:15:00Z", "condition_id": "0xee3a0a35cf44279caea02d97fb83c24f3e1f2135051b4975cbd9c34eb0a8f24a", "trade_id": "0xd08ad9728d2e154331fbcc32cfcf50ac75cb0411006851df7f80e178d4e94a39:71581559214212734459623582641570867254025690276115135164341182367173985322083:1774534269", "side": "buy", "price": 0.6, "size": 15.0, "outcome": "down", "asset": "71581559214212734459623582641570867254025690276115135164341182367173985322083", "transaction_hash": "0xd08ad9728d2e154331fbcc32cfcf50ac75cb0411006851df7f80e178d4e94a39", "source": "polymarket"}
{"timestamp_utc": "2026-03-26T14:11:09Z", "market_key": "SOL5M_2026-03-26T14:15:00Z", "condition_id": "0xee3a0a35cf44279caea02d97fb83c24f3e1f2135051b4975cbd9c34eb0a8f24a", "trade_id": "0x54088abfb24ff74ef163c10bf92ad373b87b1365314483a7f64c4f8bc5203175:71581559214212734459623582641570867254025690276115135164341182367173985322083:1774534269", "side": "buy", "price": 0.6, "size": 10.81, "outcome": "down", "asset": "71581559214212734459623582641570867254025690276115135164341182367173985322083", "transaction_hash": "0x54088abfb24ff74ef163c10bf92ad373b87b1365314483a7f64c4f8bc5203175", "source": "polymarket"}
{"timestamp_utc": "2026-03-26T14:11:09Z", "market_key": "SOL5M_2026-03-26T14:15:00Z", "condition_id": "0xee3a0a35cf44279caea02d97fb83c24f3e1f2135051b4975cbd9c34eb0a8f24a", "trade_id": "0x6a565456f401cae67d4daa7d1b490258cf4ab4b71b42e359846637a748e37637:71581559214212734459623582641570867254025690276115135164341182367173985322083:1774534269", "side": "buy", "price": 0.6, "size": 15.0, "outcome": "down", "asset": "71581559214212734459623582641570867254025690276115135164341182367173985322083", "transaction_hash": "0x6a565456f401cae67d4daa7d1b490258cf4ab4b71b42e359846637a748e37637", "source": "polymarket"}
{"timestamp_utc": "2026-03-26T14:11:09Z", "market_key": "SOL5M_2026-03-26T14:15:00Z", "condition_id": "0xee3a0a35cf44279caea02d97fb83c24f3e1f2135051b4975cbd9c34eb0a8f24a", "trade_id": "0x317d4fb68c205d310eaf5acec418c890edbd342a9b589fc8b6e160dcb1fcc5b8:15608047476835990462463531268266304811021392622812742105897782774288048175618:1774534269", "side": "sell", "price": 0.37, "size": 2.06, "outcome": "up", "asset": "15608047476835990462463531268266304811021392622812742105897782774288048175618", "transaction_hash": "0x317d4fb68c205d310eaf5acec418c890edbd342a9b589fc8b6e160dcb1fcc5b8", "source": "polymarket"}
{"timestamp_utc": "2026-03-26T14:11:09Z", "market_key": "SOL5M_2026-03-26T14:15:00Z", "condition_id": "0xee3a0a35cf44279caea02d97fb83c24f3e1f2135051b4975cbd9c34eb0a8f24a", "trade_id": "0xf7b259ef1faa38cf0f9d915ad0fc0bea61c0e26fd6e55d8ef70ecb73476d12fa:71581559214212734459623582641570867254025690276115135164341182367173985322083:1774534269", "side": "buy", "price": 0.6, "size": 4.166665, "outcome": "down", "asset": "71581559214212734459623582641570867254025690276115135164341182367173985322083", "transaction_hash": "0xf7b259ef1faa38cf0f9d915ad0fc0bea61c0e26fd6e55d8ef70ecb73476d12fa", "source": "polymarket"}
{"timestamp_utc": "2026-03-26T14:11:09Z", "market_key": "SOL5M_2026-03-26T14:15:00Z", "condition_id": "0xee3a0a35cf44279caea02d97fb83c24f3e1f2135051b4975cbd9c34eb0a8f24a", "trade_id": "0x621a2c5e059656b93e840de3c00b022af0b5649a9f8aa23df84151ce3a5d0c88:71581559214212734459623582641570867254025690276115135164341182367173985322083:1774534269", "side": "buy", "price": 0.6, "size": 18.0, "outcome": "down", "asset": "71581559214212734459623582641570867254025690276115135164341182367173985322083", "transaction_hash": "0x621a2c5e059656b93e840de3c00b022af0b5649a9f8aa23df84151ce3a5d0c88", "source": "polymarket"}
{"timestamp_utc": "2026-03-26T14:11:11Z", "market_key": "SOL5M_2026-03-26T14:15:00Z", "condition_id": "0xee3a0a35cf44279caea02d97fb83c24f3e1f2135051b4975cbd9c34eb0a8f24a", "trade_id": "0x7596ed45dd68b3ad9b71f43027d625e9f1fa2938653b42ac62c3d961a4e6dac3:71581559214212734459623582641570867254025690276115135164341182367173985322083:1774534271", "side": "buy", "price": 0.63, "size": 1.5873, "outcome": "down", "asset": "71581559214212734459623582641570867254025690276115135164341182367173985322083", "transaction_hash": "0x7596ed45dd68b3ad9b71f43027d625e9f1fa2938653b42ac62c3d961a4e6dac3", "source": "polymarket"}
{"timestamp_utc": "2026-03-26T14:11:11Z", "market_key": "SOL5M_2026-03-26T14:15:00Z", "condition_id": "0xee3a0a35cf44279caea02d97fb83c24f3e1f2135051b4975cbd9c34eb0a8f24a", "trade_id": "0x75d5e1225c5d5ca244ce80b735f397bedd2c51fdefeadf19a5c19638706e5e5c:15608047476835990462463531268266304811021392622812742105897782774288048175618:1774534271", "side": "buy", "price": 0.38, "size": 5.0, "outcome": "up", "asset": "15608047476835990462463531268266304811021392622812742105897782774288048175618", "transaction_hash": "0x75d5e1225c5d5ca244ce80b735f397bedd2c51fdefeadf19a5c19638706e5e5c", "source": "polymarket"}
{"timestamp_utc": "2026-03-26T14:11:13Z", "market_key": "SOL5M_2026-03-26T14:15:00Z", "condition_id": "0xee3a0a35cf44279caea02d97fb83c24f3e1f2135051b4975cbd9c34eb0a8f24a", "trade_id": "0xa3afd029eac54c0d798490a40c51dae10ce4f5b3dd2d92468eefa427d2636530:71581559214212734459623582641570867254025690276115135164341182367173985322083:1774534273", "side": "buy", "price": 0.6, "size": 1.666665, "outcome": "down", "asset": "71581559214212734459623582641570867254025690276115135164341182367173985322083", "transaction_hash": "0xa3afd029eac54c0d798490a40c51dae10ce4f5b3dd2d92468eefa427d2636530", "source": "polymarket"}
{"timestamp_utc": "2026-03-26T14:11:13Z", "market_key": "SOL5M_2026-03-26T14:15:00Z", "condition_id": "0xee3a0a35cf44279caea02d97fb83c24f3e1f2135051b4975cbd9c34eb0a8f24a", "trade_id": "0x8c201d3b765f8995b922046ad3a967c43071bc2bbf709af19c2a3f82ea979505:71581559214212734459623582641570867254025690276115135164341182367173985322083:1774534273", "side": "sell", "price": 0.66, "size": 2.0, "outcome": "down", "asset": "71581559214212734459623582641570867254025690276115135164341182367173985322083", "transaction_hash": "0x8c201d3b765f8995b922046ad3a967c43071bc2bbf709af19c2a3f82ea979505", "source": "polymarket"}
{"timestamp_utc": "2026-03-26T14:11:13Z", "market_key": "SOL5M_2026-03-26T14:15:00Z", "condition_id": "0xee3a0a35cf44279caea02d97fb83c24f3e1f2135051b4975cbd9c34eb0a8f24a", "trade_id": "0x34d0474602b4a524b663a86bd775131590c2a1257bfe95c1cd61484351753a3c:71581559214212734459623582641570867254025690276115135164341182367173985322083:1774534273", "side": "buy", "price": 0.67, "size": 7.0, "outcome": "down", "asset": "71581559214212734459623582641570867254025690276115135164341182367173985322083", "transaction_hash": "0x34d0474602b4a524b663a86bd775131590c2a1257bfe95c1cd61484351753a3c", "source": "polymarket"}
{"timestamp_utc": "2026-03-26T14:11:13Z", "market_key": "SOL5M_2026-03-26T14:15:00Z", "condition_id": "0xee3a0a35cf44279caea02d97fb83c24f3e1f2135051b4975cbd9c34eb0a8f24a", "trade_id": "0xcaab826d7b2c5bd5ca4e8cb409f39e1883a8fe0cd75d083ca9961e3012fa2809:71581559214212734459623582641570867254025690276115135164341182367173985322083:1774534273", "side": "buy", "price": 0.6669076603543131, "size": 15.069551, "outcome": "down", "asset": "71581559214212734459623582641570867254025690276115135164341182367173985322083", "transaction_hash": "0xcaab826d7b2c5bd5ca4e8cb409f39e1883a8fe0cd75d083ca9961e3012fa2809", "source": "polymarket"}
{"timestamp_utc": "2026-03-26T14:11:13Z", "market_key": "SOL5M_2026-03-26T14:15:00Z", "condition_id": "0xee3a0a35cf44279caea02d97fb83c24f3e1f2135051b4975cbd9c34eb0a8f24a", "trade_id": "0xeeb6dbb6190e9c9d4769526e4fb509fefd8525a4d27abdea424beb218885252e:15608047476835990462463531268266304811021392622812742105897782774288048175618:1774534273", "side": "sell", "price": 0.35, "size": 4.67, "outcome": "up", "asset": "15608047476835990462463531268266304811021392622812742105897782774288048175618", "transaction_hash": "0xeeb6dbb6190e9c9d4769526e4fb509fefd8525a4d27abdea424beb218885252e", "source": "polymarket"}
{"timestamp_utc": "2026-03-26T14:11:13Z", "market_key": "SOL5M_2026-03-26T14:15:00Z", "condition_id": "0xee3a0a35cf44279caea02d97fb83c24f3e1f2135051b4975cbd9c34eb0a8f24a", "trade_id": "0xb6dae83891ae516f9a8cbed7308d9d151d110683b00d85a3e695a13f4e3ca0f2:71581559214212734459623582641570867254025690276115135164341182367173985322083:1774534273", "side": "buy", "price": 0.63, "size": 8.61, "outcome": "down", "asset": "71581559214212734459623582641570867254025690276115135164341182367173985322083", "transaction_hash": "0xb6dae83891ae516f9a8cbed7308d9d151d110683b00d85a3e695a13f4e3ca0f2", "source": "polymarket"}
{"timestamp_utc": "2026-03-26T14:11:13Z", "market_key": "SOL5M_2026-03-26T14:15:00Z", "condition_id": "0xee3a0a35cf44279caea02d97fb83c24f3e1f2135051b4975cbd9c34eb0a8f24a", "trade_id": "0x18dc9055b168fb5c70a4d76855b67b02dca5e2aa77aee6177d21d31fef3ef728:71581559214212734459623582641570867254025690276115135164341182367173985322083:1774534273", "side": "buy", "price": 0.6, "size": 12.19, "outcome": "down", "asset": "71581559214212734459623582641570867254025690276115135164341182367173985322083", "transaction_hash": "0x18dc9055b168fb5c70a4d76855b67b02dca5e2aa77aee6177d21d31fef3ef728", "source": "polymarket"}
{"timestamp_utc": "2026-03-26T14:11:15Z", "market_key": "SOL5M_2026-03-26T14:15:00Z", "condition_id": "0xee3a0a35cf44279caea02d97fb83c24f3e1f2135051b4975cbd9c34eb0a8f24a", "trade_id": "0x6d8b40e23254ffb08f41865ede14136427d4d50a6baf610352a4eebd228200f8:71581559214212734459623582641570867254025690276115135164341182367173985322083:1774534275", "side": "buy", "price": 0.68, "size": 2.941175, "outcome": "down", "asset": "71581559214212734459623582641570867254025690276115135164341182367173985322083", "transaction_hash": "0x6d8b40e23254ffb08f41865ede14136427d4d50a6baf610352a4eebd228200f8", "source": "polymarket"}
{"timestamp_utc": "2026-03-26T14:11:15Z", "market_key": "SOL5M_2026-03-26T14:15:00Z", "condition_id": "0xee3a0a35cf44279caea02d97fb83c24f3e1f2135051b4975cbd9c34eb0a8f24a", "trade_id": "0xeb3a931d64c33214e4f4220aa990b5fed96bd35631d0adf62b32dc561ba9a20d:15608047476835990462463531268266304811021392622812742105897782774288048175618:1774534275", "side": "buy", "price": 0.3399999261714024, "size": 5.147057, "outcome": "up", "asset": "15608047476835990462463531268266304811021392622812742105897782774288048175618", "transaction_hash": "0xeb3a931d64c33214e4f4220aa990b5fed96bd35631d0adf62b32dc561ba9a20d", "source": "polymarket"}
{"timestamp_utc": "2026-03-26T14:11:15Z", "market_key": "SOL5M_2026-03-26T14:15:00Z", "condition_id": "0xee3a0a35cf44279caea02d97fb83c24f3e1f2135051b4975cbd9c34eb0a8f24a", "trade_id": "0x098eccca2e172223c1fa36b02c88af5da9e7f26880b5221afd9b96c395977b85:15608047476835990462463531268266304811021392622812742105897782774288048175618:1774534275", "side": "buy", "price": 0.3448275862068966, "size": 5.8, "outcome": "up", "asset": "15608047476835990462463531268266304811021392622812742105897782774288048175618", "transaction_hash": "0x098eccca2e172223c1fa36b02c88af5da9e7f26880b5221afd9b96c395977b85", "source": "polymarket"}
{"timestamp_utc": "2026-03-26T14:11:17Z", "market_key": "SOL5M_2026-03-26T14:15:00Z", "condition_id": "0xee3a0a35cf44279caea02d97fb83c24f3e1f2135051b4975cbd9c34eb0a8f24a", "trade_id": "0x58943b7499cbd5f3a5cbfb5ba0d2f9ce82b326799a12b32b95ba53c8e6c5510a:71581559214212734459623582641570867254025690276115135164341182367173985322083:1774534277", "side": "buy", "price": 0.6823692299110312, "size": 119.319564, "outcome": "down", "asset": "71581559214212734459623582641570867254025690276115135164341182367173985322083", "transaction_hash": "0x58943b7499cbd5f3a5cbfb5ba0d2f9ce82b326799a12b32b95ba53c8e6c5510a", "source": "polymarket"}
{"timestamp_utc": "2026-03-26T14:11:19Z", "market_key": "SOL5M_2026-03-26T14:15:00Z", "condition_id": "0xee3a0a35cf44279caea02d97fb83c24f3e1f2135051b4975cbd9c34eb0a8f24a", "trade_id": "0xc35ac3c4dc036e8e9168665c80a45c86660941f4fc023d366b71164085b8ca41:71581559214212734459623582641570867254025690276115135164341182367173985322083:1774534279", "side": "buy", "price": 0.7354838690946928, "size": 10.333332, "outcome": "down", "asset": "71581559214212734459623582641570867254025690276115135164341182367173985322083", "transaction_hash": "0xc35ac3c4dc036e8e9168665c80a45c86660941f4fc023d366b71164085b8ca41", "source": "polymarket"}
{"timestamp_utc": "2026-03-26T14:11:19Z", "market_key": "SOL5M_2026-03-26T14:15:00Z", "condition_id": "0xee3a0a35cf44279caea02d97fb83c24f3e1f2135051b4975cbd9c34eb0a8f24a", "trade_id": "0x37b821273ad28235c489ea72f5d946dc2f20b4bb1b56cbc38e9593066ca398c8:71581559214212734459623582641570867254025690276115135164341182367173985322083:1774534279", "side": "buy", "price": 0.72, "size": 5.0, "outcome": "down", "asset": "71581559214212734459623582641570867254025690276115135164341182367173985322083", "transaction_hash": "0x37b821273ad28235c489ea72f5d946dc2f20b4bb1b56cbc38e9593066ca398c8", "source": "polymarket"}
{"timestamp_utc": "2026-03-26T14:11:19Z", "market_key": "SOL5M_2026-03-26T14:15:00Z", "condition_id": "0xee3a0a35cf44279caea02d97fb83c24f3e1f2135051b4975cbd9c34eb0a8f24a", "trade_id": "0x2d4778abc56c089d623bc0fc99b26c0a4b23a924e65814b2774f17596e141845:71581559214212734459623582641570867254025690276115135164341182367173985322083:1774534279", "side": "sell", "price": 0.71, "size": 18.0, "outcome": "down", "asset": "71581559214212734459623582641570867254025690276115135164341182367173985322083", "transaction_hash": "0x2d4778abc56c089d623bc0fc99b26c0a4b23a924e65814b2774f17596e141845", "source": "polymarket"}
{"timestamp_utc": "2026-03-26T14:11:19Z", "market_key": "SOL5M_2026-03-26T14:15:00Z", "condition_id": "0xee3a0a35cf44279caea02d97fb83c24f3e1f2135051b4975cbd9c34eb0a8f24a", "trade_id": "0x58b985366d7c148f4542e96f3705efac6f344f388df6eac550b2ec838463d979:71581559214212734459623582641570867254025690276115135164341182367173985322083:1774534279", "side": "buy", "price": 0.743425967821704, "size": 76.0264, "outcome": "down", "asset": "71581559214212734459623582641570867254025690276115135164341182367173985322083", "transaction_hash": "0x58b985366d7c148f4542e96f3705efac6f344f388df6eac550b2ec838463d979", "source": "polymarket"}
{"timestamp_utc": "2026-03-26T14:11:19Z", "market_key": "SOL5M_2026-03-26T14:15:00Z", "condition_id": "0xee3a0a35cf44279caea02d97fb83c24f3e1f2135051b4975cbd9c34eb0a8f24a", "trade_id": "0x7d56c9fa363743aa1cf4d3451ef3a69d33f91a8ee0e547778066d167e1de018c:15608047476835990462463531268266304811021392622812742105897782774288048175618:1774534279", "side": "sell", "price": 0.26, "size": 5.02, "outcome": "up", "asset": "15608047476835990462463531268266304811021392622812742105897782774288048175618", "transaction_hash": "0x7d56c9fa363743aa1cf4d3451ef3a69d33f91a8ee0e547778066d167e1de018c", "source": "polymarket"}
{"timestamp_utc": "2026-03-26T14:11:19Z", "market_key": "SOL5M_2026-03-26T14:15:00Z", "condition_id": "0xee3a0a35cf44279caea02d97fb83c24f3e1f2135051b4975cbd9c34eb0a8f24a", "trade_id": "0x47b75a90c863037c94884e3732cdc9758d7c6e8729a55702b2e47a198bd2b9d2:15608047476835990462463531268266304811021392622812742105897782774288048175618:1774534279", "side": "buy", "price": 0.28999997554216655, "size": 20.034481, "outcome": "up", "asset": "15608047476835990462463531268266304811021392622812742105897782774288048175618", "transaction_hash": "0x47b75a90c863037c94884e3732cdc9758d7c6e8729a55702b2e47a198bd2b9d2", "source": "polymarket"}
{"timestamp_utc": "2026-03-26T14:11:19Z", "market_key": "SOL5M_2026-03-26T14:15:00Z", "condition_id": "0xee3a0a35cf44279caea02d97fb83c24f3e1f2135051b4975cbd9c34eb0a8f24a", "trade_id": "0x8012ad3a6a7056f3b10a52a74a81e0c952bc617fd1d5d8b62b9daa61cc2c8db4:71581559214212734459623582641570867254025690276115135164341182367173985322083:1774534279", "side": "buy", "price": 0.6899999585999611, "size": 1.449274, "outcome": "down", "asset": "71581559214212734459623582641570867254025690276115135164341182367173985322083", "transaction_hash": "0x8012ad3a6a7056f3b10a52a74a81e0c952bc617fd1d5d8b62b9daa61cc2c8db4", "source": "polymarket"}
{"timestamp_utc": "2026-03-26T14:11:21Z", "market_key": "SOL5M_2026-03-26T14:15:00Z", "condition_id": "0xee3a0a35cf44279caea02d97fb83c24f3e1f2135051b4975cbd9c34eb0a8f24a", "trade_id": "0xa08d0871bc07fbe10a02e4148c17dc989600f8d6fb14e04dac658ebe935d8013:15608047476835990462463531268266304811021392622812742105897782774288048175618:1774534281", "side": "buy", "price": 0.26, "size": 6.0, "outcome": "up", "asset": "15608047476835990462463531268266304811021392622812742105897782774288048175618", "transaction_hash": "0xa08d0871bc07fbe10a02e4148c17dc989600f8d6fb14e04dac658ebe935d8013", "source": "polymarket"}
{"timestamp_utc": "2026-03-26T14:11:21Z", "market_key": "SOL5M_2026-03-26T14:15:00Z", "condition_id": "0xee3a0a35cf44279caea02d97fb83c24f3e1f2135051b4975cbd9c34eb0a8f24a", "trade_id": "0x6d583761e60fed7b1a1fb2900d1938c3e45078385a6db0bd117cafd3b977122d:15608047476835990462463531268266304811021392622812742105897782774288048175618:1774534281", "side": "sell", "price": 0.25, "size": 4.88, "outcome": "up", "asset": "15608047476835990462463531268266304811021392622812742105897782774288048175618", "transaction_hash": "0x6d583761e60fed7b1a1fb2900d1938c3e45078385a6db0bd117cafd3b977122d", "source": "polymarket"}
{"timestamp_utc": "2026-03-26T14:11:21Z", "market_key": "SOL5M_2026-03-26T14:15:00Z", "condition_id": "0xee3a0a35cf44279caea02d97fb83c24f3e1f2135051b4975cbd9c34eb0a8f24a", "trade_id": "0x4fedffd8154ed3dbb762b3b5e358e88b11186272cd7dc7aafc67b5040f1a9acb:15608047476835990462463531268266304811021392622812742105897782774288048175618:1774534281", "side": "buy", "price": 0.26, "size": 15.0, "outcome": "up", "asset": "15608047476835990462463531268266304811021392622812742105897782774288048175618", "transaction_hash": "0x4fedffd8154ed3dbb762b3b5e358e88b11186272cd7dc7aafc67b5040f1a9acb", "source": "polymarket"}
{"timestamp_utc": "2026-03-26T14:11:21Z", "market_key": "SOL5M_2026-03-26T14:15:00Z", "condition_id": "0xee3a0a35cf44279caea02d97fb83c24f3e1f2135051b4975cbd9c34eb0a8f24a", "trade_id": "0x9f4b7e79d50c8945d98e464cd0c3f85f5bb3c0c838f72e4e827a8968c0f937e5:71581559214212734459623582641570867254025690276115135164341182367173985322083:1774534281", "side": "buy", "price": 0.75, "size": 10.133332, "outcome": "down", "asset": "71581559214212734459623582641570867254025690276115135164341182367173985322083", "transaction_hash": "0x9f4b7e79d50c8945d98e464cd0c3f85f5bb3c0c838f72e4e827a8968c0f937e5", "source": "polymarket"}
{"timestamp_utc": "2026-03-26T14:11:23Z", "market_key": "SOL5M_2026-03-26T14:15:00Z", "condition_id": "0xee3a0a35cf44279caea02d97fb83c24f3e1f2135051b4975cbd9c34eb0a8f24a", "trade_id": "0x977e3bb3873e3ce4879f2a9724f291bd87c26114853928cd9ba47f1975fda1f0:15608047476835990462463531268266304811021392622812742105897782774288048175618:1774534283", "side": "sell", "price": 0.29, "size": 3.24, "outcome": "up", "asset": "15608047476835990462463531268266304811021392622812742105897782774288048175618", "transaction_hash": "0x977e3bb3873e3ce4879f2a9724f291bd87c26114853928cd9ba47f1975fda1f0", "source": "polymarket"}
{"timestamp_utc": "2026-03-26T14:11:23Z", "market_key": "SOL5M_2026-03-26T14:15:00Z", "condition_id": "0xee3a0a35cf44279caea02d97fb83c24f3e1f2135051b4975cbd9c34eb0a8f24a", "trade_id": "0x520921834c101482a579bb889f7117d6c299923faad83f35ab57550b42e8fb37:15608047476835990462463531268266304811021392622812742105897782774288048175618:1774534283", "side": "buy", "price": 0.2999998972602388, "size": 4.866665, "outcome": "up", "asset": "15608047476835990462463531268266304811021392622812742105897782774288048175618", "transaction_hash": "0x520921834c101482a579bb889f7117d6c299923faad83f35ab57550b42e8fb37", "source": "polymarket"}
{"timestamp_utc": "2026-03-26T14:11:23Z", "market_key": "SOL5M_2026-03-26T14:15:00Z", "condition_id": "0xee3a0a35cf44279caea02d97fb83c24f3e1f2135051b4975cbd9c34eb0a8f24a", "trade_id": "0xdfd1b8ba2d503cb081489d3434dacdd3a7a1dbf888d0128bcd09aaa52f835637:15608047476835990462463531268266304811021392622812742105897782774288048175618:1774534283", "side": "buy", "price": 0.3121182266009852, "size": 6.34375, "outcome": "up", "asset": "15608047476835990462463531268266304811021392622812742105897782774288048175618", "transaction_hash": "0xdfd1b8ba2d503cb081489d3434dacdd3a7a1dbf888d0128bcd09aaa52f835637", "source": "polymarket"}
{"timestamp_utc": "2026-03-26T14:11:23Z", "market_key": "SOL5M_2026-03-26T14:15:00Z", "condition_id": "0xee3a0a35cf44279caea02d97fb83c24f3e1f2135051b4975cbd9c34eb0a8f24a", "trade_id": "0x4a0bafc9942f4580b74d73893a895b6a5d60a7711ce3e2c52f77800df0842b05:15608047476835990462463531268266304811021392622812742105897782774288048175618:1774534283", "side": "buy", "price": 0.3, "size": 5.0, "outcome": "up", "asset": "15608047476835990462463531268266304811021392622812742105897782774288048175618", "transaction_hash": "0x4a0bafc9942f4580b74d73893a895b6a5d60a7711ce3e2c52f77800df0842b05", "source": "polymarket"}
{"timestamp_utc": "2026-03-26T14:11:23Z", "market_key": "SOL5M_2026-03-26T14:15:00Z", "condition_id": "0xee3a0a35cf44279caea02d97fb83c24f3e1f2135051b4975cbd9c34eb0a8f24a", "trade_id": "0x3c775c8f331be18425cc508440cdcca50027de2ea73b5b95bcdbec7c3ca8fe10:15608047476835990462463531268266304811021392622812742105897782774288048175618:1774534283", "side": "buy", "price": 0.3056716417910448, "size": 10.46875, "outcome": "up", "asset": "15608047476835990462463531268266304811021392622812742105897782774288048175618", "transaction_hash": "0x3c775c8f331be18425cc508440cdcca50027de2ea73b5b95bcdbec7c3ca8fe10", "source": "polymarket"}
{"timestamp_utc": "2026-03-26T14:11:23Z", "market_key": "SOL5M_2026-03-26T14:15:00Z", "condition_id": "0xee3a0a35cf44279caea02d97fb83c24f3e1f2135051b4975cbd9c34eb0a8f24a", "trade_id": "0x33545820f58446080c3398ea6b8a566764e279b93e3ee20926f50cc985302c08:15608047476835990462463531268266304811021392622812742105897782774288048175618:1774534283", "side": "buy", "price": 0.3009311167319723, "size": 97.696773, "outcome": "up", "asset": "15608047476835990462463531268266304811021392622812742105897782774288048175618", "transaction_hash": "0x33545820f58446080c3398ea6b8a566764e279b93e3ee20926f50cc985302c08", "source": "polymarket"}
{"timestamp_utc": "2026-03-26T14:11:23Z", "market_key": "SOL5M_2026-03-26T14:15:00Z", "condition_id": "0xee3a0a35cf44279caea02d97fb83c24f3e1f2135051b4975cbd9c34eb0a8f24a", "trade_id": "0x76dbc83775ee254ad7c4084a57c18fe7a1719931296d9a6669de0279db1990ba:15608047476835990462463531268266304811021392622812742105897782774288048175618:1774534283", "side": "buy", "price": 0.29, "size": 14.45, "outcome": "up", "asset": "15608047476835990462463531268266304811021392622812742105897782774288048175618", "transaction_hash": "0x76dbc83775ee254ad7c4084a57c18fe7a1719931296d9a6669de0279db1990ba", "source": "polymarket"}
{"timestamp_utc": "2026-03-26T14:11:23Z", "market_key": "SOL5M_2026-03-26T14:15:00Z", "condition_id": "0xee3a0a35cf44279caea02d97fb83c24f3e1f2135051b4975cbd9c34eb0a8f24a", "trade_id": "0xcf80006aecfdccb7e33820fb8130502b3059981aab47adda989fbb53e7f9da3e:15608047476835990462463531268266304811021392622812742105897782774288048175618:1774534283", "side": "buy", "price": 0.28353534288129467, "size": 10.580688, "outcome": "up", "asset": "15608047476835990462463531268266304811021392622812742105897782774288048175618", "transaction_hash": "0xcf80006aecfdccb7e33820fb8130502b3059981aab47adda989fbb53e7f9da3e", "source": "polymarket"}
{"timestamp_utc": "2026-03-26T14:11:25Z", "market_key": "SOL5M_2026-03-26T14:15:00Z", "condition_id": "0xee3a0a35cf44279caea02d97fb83c24f3e1f2135051b4975cbd9c34eb0a8f24a", "trade_id": "0xd09f53f81bb2eb8a2e0d246f530feaeff014c11203a5d6932874a8ba5c4ec8ba:71581559214212734459623582641570867254025690276115135164341182367173985322083:1774534285", "side": "buy", "price": 0.71, "size": 15.0, "outcome": "down", "asset": "71581559214212734459623582641570867254025690276115135164341182367173985322083", "transaction_hash": "0xd09f53f81bb2eb8a2e0d246f530feaeff014c11203a5d6932874a8ba5c4ec8ba", "source": "polymarket"}
{"timestamp_utc": "2026-03-26T14:11:25Z", "market_key": "SOL5M_2026-03-26T14:15:00Z", "condition_id": "0xee3a0a35cf44279caea02d97fb83c24f3e1f2135051b4975cbd9c34eb0a8f24a", "trade_id": "0xe316aa29d5b8e6d4e6381b67d7ae27077f772a983a1feb2bca8c637aae07dd0c:71581559214212734459623582641570867254025690276115135164341182367173985322083:1774534285", "side": "buy", "price": 0.7399999631840631, "size": 5.43243, "outcome": "down", "asset": "71581559214212734459623582641570867254025690276115135164341182367173985322083", "transaction_hash": "0xe316aa29d5b8e6d4e6381b67d7ae27077f772a983a1feb2bca8c637aae07dd0c", "source": "polymarket"}
{"timestamp_utc": "2026-03-26T14:11:25Z", "market_key": "SOL5M_2026-03-26T14:15:00Z", "condition_id": "0xee3a0a35cf44279caea02d97fb83c24f3e1f2135051b4975cbd9c34eb0a8f24a", "trade_id": "0xacaa64ffac6d7ce1cb9b724f4f822ed520ceca7944a43e2bfbd7ee60317ded38:71581559214212734459623582641570867254025690276115135164341182367173985322083:1774534285", "side": "buy", "price": 0.7349694633436104, "size": 64.50608, "outcome": "down", "asset": "71581559214212734459623582641570867254025690276115135164341182367173985322083", "transaction_hash": "0xacaa64ffac6d7ce1cb9b724f4f822ed520ceca7944a43e2bfbd7ee60317ded38", "source": "polymarket"}
{"timestamp_utc": "2026-03-26T14:11:25Z", "market_key": "SOL5M_2026-03-26T14:15:00Z", "condition_id": "0xee3a0a35cf44279caea02d97fb83c24f3e1f2135051b4975cbd9c34eb0a8f24a", "trade_id": "0x7a790444bfb8e41770689b9e00244bdc4202f185bc3d49f57f7b7d402f7154df:71581559214212734459623582641570867254025690276115135164341182367173985322083:1774534285", "side": "buy", "price": 0.71, "size": 25.0, "outcome": "down", "asset": "71581559214212734459623582641570867254025690276115135164341182367173985322083", "transaction_hash": "0x7a790444bfb8e41770689b9e00244bdc4202f185bc3d49f57f7b7d402f7154df", "source": "polymarket"}
{"timestamp_utc": "2026-03-26T14:11:25Z", "market_key": "SOL5M_2026-03-26T14:15:00Z", "condition_id": "0xee3a0a35cf44279caea02d97fb83c24f3e1f2135051b4975cbd9c34eb0a8f24a", "trade_id": "0x356f34463db6abea64099289068153b79a827eae10e91e1a0f3756e3e621c991:71581559214212734459623582641570867254025690276115135164341182367173985322083:1774534285", "side": "buy", "price": 0.69, "size": 15.0, "outcome": "down", "asset": "71581559214212734459623582641570867254025690276115135164341182367173985322083", "transaction_hash": "0x356f34463db6abea64099289068153b79a827eae10e91e1a0f3756e3e621c991", "source": "polymarket"}
{"timestamp_utc": "2026-03-26T14:11:25Z", "market_key": "SOL5M_2026-03-26T14:15:00Z", "condition_id": "0xee3a0a35cf44279caea02d97fb83c24f3e1f2135051b4975cbd9c34eb0a8f24a", "trade_id": "0x0230d05fa765d796aca039bfaf492bdc3b30c8373fef36b0ed6d730685868d18:71581559214212734459623582641570867254025690276115135164341182367173985322083:1774534285", "side": "buy", "price": 0.69, "size": 18.0, "outcome": "down", "asset": "71581559214212734459623582641570867254025690276115135164341182367173985322083", "transaction_hash": "0x0230d05fa765d796aca039bfaf492bdc3b30c8373fef36b0ed6d730685868d18", "source": "polymarket"}
{"timestamp_utc": "2026-03-26T14:11:25Z", "market_key": "SOL5M_2026-03-26T14:15:00Z", "condition_id": "0xee3a0a35cf44279caea02d97fb83c24f3e1f2135051b4975cbd9c34eb0a8f24a", "trade_id": "0x0361be89ae242927e9bfb1631db544c640fa4b1a2fbe4dc0436ecd65c340025d:71581559214212734459623582641570867254025690276115135164341182367173985322083:1774534285", "side": "buy", "price": 0.71, "size": 15.0, "outcome": "down", "asset": "71581559214212734459623582641570867254025690276115135164341182367173985322083", "transaction_hash": "0x0361be89ae242927e9bfb1631db544c640fa4b1a2fbe4dc0436ecd65c340025d", "source": "polymarket"}
{"timestamp_utc": "2026-03-26T14:11:25Z", "market_key": "SOL5M_2026-03-26T14:15:00Z", "condition_id": "0xee3a0a35cf44279caea02d97fb83c24f3e1f2135051b4975cbd9c34eb0a8f24a", "trade_id": "0xe7bb11bfffc42efe009d4388645727a14e1e670b2e92011fae09e93a488edfc2:71581559214212734459623582641570867254025690276115135164341182367173985322083:1774534285", "side": "buy", "price": 0.7, "size": 18.0, "outcome": "down", "asset": "71581559214212734459623582641570867254025690276115135164341182367173985322083", "transaction_hash": "0xe7bb11bfffc42efe009d4388645727a14e1e670b2e92011fae09e93a488edfc2", "source": "polymarket"}
{"timestamp_utc": "2026-03-26T14:11:25Z", "market_key": "SOL5M_2026-03-26T14:15:00Z", "condition_id": "0xee3a0a35cf44279caea02d97fb83c24f3e1f2135051b4975cbd9c34eb0a8f24a", "trade_id": "0xf3865e97fe40b3d8cbba659a49f26cad0ef390f7a989241b9f2afe8ff63752b3:71581559214212734459623582641570867254025690276115135164341182367173985322083:1774534285", "side": "buy", "price": 0.7, "size": 13.0, "outcome": "down", "asset": "71581559214212734459623582641570867254025690276115135164341182367173985322083", "transaction_hash": "0xf3865e97fe40b3d8cbba659a49f26cad0ef390f7a989241b9f2afe8ff63752b3", "source": "polymarket"}
{"timestamp_utc": "2026-03-26T14:11:25Z", "market_key": "SOL5M_2026-03-26T14:15:00Z", "condition_id": "0xee3a0a35cf44279caea02d97fb83c24f3e1f2135051b4975cbd9c34eb0a8f24a", "trade_id": "0x133688f22232e66620fa6fe342921b564496c15e863fdad1cb95e083b0004d51:71581559214212734459623582641570867254025690276115135164341182367173985322083:1774534285", "side": "buy", "price": 0.7, "size": 15.0, "outcome": "down", "asset": "71581559214212734459623582641570867254025690276115135164341182367173985322083", "transaction_hash": "0x133688f22232e66620fa6fe342921b564496c15e863fdad1cb95e083b0004d51", "source": "polymarket"}
{"timestamp_utc": "2026-03-26T14:11:25Z", "market_key": "SOL5M_2026-03-26T14:15:00Z", "condition_id": "0xee3a0a35cf44279caea02d97fb83c24f3e1f2135051b4975cbd9c34eb0a8f24a", "trade_id": "0xf5d05ebf4c591bbcced866633b371481fc0a6af1fbf5e88eb1e5507de8949ed2:71581559214212734459623582641570867254025690276115135164341182367173985322083:1774534285", "side": "buy", "price": 0.7, "size": 15.0, "outcome": "down", "asset": "71581559214212734459623582641570867254025690276115135164341182367173985322083", "transaction_hash": "0xf5d05ebf4c591bbcced866633b371481fc0a6af1fbf5e88eb1e5507de8949ed2", "source": "polymarket"}
{"timestamp_utc": "2026-03-26T14:11:25Z", "market_key": "SOL5M_2026-03-26T14:15:00Z", "condition_id": "0xee3a0a35cf44279caea02d97fb83c24f3e1f2135051b4975cbd9c34eb0a8f24a", "trade_id": "0x5ea679c17a33339710592c0003d079d85f997be64f9c936bff3148677078406d:71581559214212734459623582641570867254025690276115135164341182367173985322083:1774534285", "side": "buy", "price": 0.69, "size": 15.0, "outcome": "down", "asset": "71581559214212734459623582641570867254025690276115135164341182367173985322083", "transaction_hash": "0x5ea679c17a33339710592c0003d079d85f997be64f9c936bff3148677078406d", "source": "polymarket"}
{"timestamp_utc": "2026-03-26T14:11:25Z", "market_key": "SOL5M_2026-03-26T14:15:00Z", "condition_id": "0xee3a0a35cf44279caea02d97fb83c24f3e1f2135051b4975cbd9c34eb0a8f24a", "trade_id": "0x866338175bffcf04fbfd6caaf71c6e35166bea8fcf07cab5517fa61e2eaf9794:71581559214212734459623582641570867254025690276115135164341182367173985322083:1774534285", "side": "buy", "price": 0.69, "size": 13.0, "outcome": "down", "asset": "71581559214212734459623582641570867254025690276115135164341182367173985322083", "transaction_hash": "0x866338175bffcf04fbfd6caaf71c6e35166bea8fcf07cab5517fa61e2eaf9794", "source": "polymarket"}
{"timestamp_utc": "2026-03-26T14:11:27Z", "market_key": "SOL5M_2026-03-26T14:15:00Z", "condition_id": "0xee3a0a35cf44279caea02d97fb83c24f3e1f2135051b4975cbd9c34eb0a8f24a", "trade_id": "0x6b6f9a61fd34e24cb1370cfa6007ac910c5ff632a873f286b61a27670f435abf:71581559214212734459623582641570867254025690276115135164341182367173985322083:1774534287", "side": "buy", "price": 0.73, "size": 15.0, "outcome": "down", "asset": "71581559214212734459623582641570867254025690276115135164341182367173985322083", "transaction_hash": "0x6b6f9a61fd34e24cb1370cfa6007ac910c5ff632a873f286b61a27670f435abf", "source": "polymarket"}
{"timestamp_utc": "2026-03-26T14:11:27Z", "market_key": "SOL5M_2026-03-26T14:15:00Z", "condition_id": "0xee3a0a35cf44279caea02d97fb83c24f3e1f2135051b4975cbd9c34eb0a8f24a", "trade_id": "0x6e6c48873e2f1a759451bde78891a856585a51d4b1aef3b5d1fc52b619dc9c9b:15608047476835990462463531268266304811021392622812742105897782774288048175618:1774534287", "side": "sell", "price": 0.27, "size": 13.55, "outcome": "up", "asset": "15608047476835990462463531268266304811021392622812742105897782774288048175618", "transaction_hash": "0x6e6c48873e2f1a759451bde78891a856585a51d4b1aef3b5d1fc52b619dc9c9b", "source": "polymarket"}
{"timestamp_utc": "2026-03-26T14:11:27Z", "market_key": "SOL5M_2026-03-26T14:15:00Z", "condition_id": "0xee3a0a35cf44279caea02d97fb83c24f3e1f2135051b4975cbd9c34eb0a8f24a", "trade_id": "0xf013d08f8d7d65aeb99f6b54905f00f1133e1192d4f0952f8abb51106adae78e:71581559214212734459623582641570867254025690276115135164341182367173985322083:1774534287", "side": "buy", "price": 0.71, "size": 6.0, "outcome": "down", "asset": "71581559214212734459623582641570867254025690276115135164341182367173985322083", "transaction_hash": "0xf013d08f8d7d65aeb99f6b54905f00f1133e1192d4f0952f8abb51106adae78e", "source": "polymarket"}
{"timestamp_utc": "2026-03-26T14:11:27Z", "market_key": "SOL5M_2026-03-26T14:15:00Z", "condition_id": "0xee3a0a35cf44279caea02d97fb83c24f3e1f2135051b4975cbd9c34eb0a8f24a", "trade_id": "0x516e664632908b3de8f093618781d624570b8aca7b026ee2e77f3aacc3c10aef:15608047476835990462463531268266304811021392622812742105897782774288048175618:1774534287", "side": "buy", "price": 0.2, "size": 5.0, "outcome": "up", "asset": "15608047476835990462463531268266304811021392622812742105897782774288048175618", "transaction_hash": "0x516e664632908b3de8f093618781d624570b8aca7b026ee2e77f3aacc3c10aef", "source": "polymarket"}
{"timestamp_utc": "2026-03-26T14:11:27Z", "market_key": "SOL5M_2026-03-26T14:15:00Z", "condition_id": "0xee3a0a35cf44279caea02d97fb83c24f3e1f2135051b4975cbd9c34eb0a8f24a", "trade_id": "0xdc2aa858ee8d0257ab1e38fc6b17cf67f5b6c2dfe31f5312308b1460b75a8b0d:71581559214212734459623582641570867254025690276115135164341182367173985322083:1774534287", "side": "buy", "price": 0.8, "size": 50.0, "outcome": "down", "asset": "71581559214212734459623582641570867254025690276115135164341182367173985322083", "transaction_hash": "0xdc2aa858ee8d0257ab1e38fc6b17cf67f5b6c2dfe31f5312308b1460b75a8b0d", "source": "polymarket"}
{"timestamp_utc": "2026-03-26T14:11:27Z", "market_key": "SOL5M_2026-03-26T14:15:00Z", "condition_id": "0xee3a0a35cf44279caea02d97fb83c24f3e1f2135051b4975cbd9c34eb0a8f24a", "trade_id": "0xe2882e0df34336d555901f8e33b1ccfbf3f3d45c354cb2b622944d08f470d4f6:71581559214212734459623582641570867254025690276115135164341182367173985322083:1774534287", "side": "buy", "price": 0.76, "size": 5.28, "outcome": "down", "asset": "71581559214212734459623582641570867254025690276115135164341182367173985322083", "transaction_hash": "0xe2882e0df34336d555901f8e33b1ccfbf3f3d45c354cb2b622944d08f470d4f6", "source": "polymarket"}
{"timestamp_utc": "2026-03-26T14:11:27Z", "market_key": "SOL5M_2026-03-26T14:15:00Z", "condition_id": "0xee3a0a35cf44279caea02d97fb83c24f3e1f2135051b4975cbd9c34eb0a8f24a", "trade_id": "0x4fb6fa5f4314f0247081b141da4f929cbf48e24d1556f96ffb01b6ebb66ba744:71581559214212734459623582641570867254025690276115135164341182367173985322083:1774534287", "side": "buy", "price": 0.8, "size": 15.0, "outcome": "down", "asset": "71581559214212734459623582641570867254025690276115135164341182367173985322083", "transaction_hash": "0x4fb6fa5f4314f0247081b141da4f929cbf48e24d1556f96ffb01b6ebb66ba744", "source": "polymarket"}
{"timestamp_utc": "2026-03-26T14:11:27Z", "market_key": "SOL5M_2026-03-26T14:15:00Z", "condition_id": "0xee3a0a35cf44279caea02d97fb83c24f3e1f2135051b4975cbd9c34eb0a8f24a", "trade_id": "0xb3d53d0ccd293de5e059ed22342a11a216c7603aa973d5b28d62cb43e7088b01:71581559214212734459623582641570867254025690276115135164341182367173985322083:1774534287", "side": "buy", "price": 0.76, "size": 1.710525, "outcome": "down", "asset": "71581559214212734459623582641570867254025690276115135164341182367173985322083", "transaction_hash": "0xb3d53d0ccd293de5e059ed22342a11a216c7603aa973d5b28d62cb43e7088b01", "source": "polymarket"}
{"timestamp_utc": "2026-03-26T14:11:27Z", "market_key": "SOL5M_2026-03-26T14:15:00Z", "condition_id": "0xee3a0a35cf44279caea02d97fb83c24f3e1f2135051b4975cbd9c34eb0a8f24a", "trade_id": "0xcd3302316a44844a387789b31f9f794017a8c904e29f7284b998583d3b6bef29:71581559214212734459623582641570867254025690276115135164341182367173985322083:1774534287", "side": "buy", "price": 0.8, "size": 93.0, "outcome": "down", "asset": "71581559214212734459623582641570867254025690276115135164341182367173985322083", "transaction_hash": "0xcd3302316a44844a387789b31f9f794017a8c904e29f7284b998583d3b6bef29", "source": "polymarket"}
{"timestamp_utc": "2026-03-26T14:11:29Z", "market_key": "SOL5M_2026-03-26T14:15:00Z", "condition_id": "0xee3a0a35cf44279caea02d97fb83c24f3e1f2135051b4975cbd9c34eb0a8f24a", "trade_id": "0xe531b32bd84b5c77cd55e14bbb246f154fc53eaf07361d657e409d4a05f4592d:71581559214212734459623582641570867254025690276115135164341182367173985322083:1774534289", "side": "buy", "price": 0.8279166666666666, "size": 24.0, "outcome": "down", "asset": "71581559214212734459623582641570867254025690276115135164341182367173985322083", "transaction_hash": "0xe531b32bd84b5c77cd55e14bbb246f154fc53eaf07361d657e409d4a05f4592d", "source": "polymarket"}
{"timestamp_utc": "2026-03-26T14:11:29Z", "market_key": "SOL5M_2026-03-26T14:15:00Z", "condition_id": "0xee3a0a35cf44279caea02d97fb83c24f3e1f2135051b4975cbd9c34eb0a8f24a", "trade_id": "0x1045d56d4bc40e8d51f3302d5b4322197080f64e6346e0498b547cb7691a81e6:71581559214212734459623582641570867254025690276115135164341182367173985322083:1774534289", "side": "buy", "price": 0.81, "size": 24.0, "outcome": "down", "asset": "71581559214212734459623582641570867254025690276115135164341182367173985322083", "transaction_hash": "0x1045d56d4bc40e8d51f3302d5b4322197080f64e6346e0498b547cb7691a81e6", "source": "polymarket"}
{"timestamp_utc": "2026-03-26T14:11:29Z", "market_key": "SOL5M_2026-03-26T14:15:00Z", "condition_id": "0xee3a0a35cf44279caea02d97fb83c24f3e1f2135051b4975cbd9c34eb0a8f24a", "trade_id": "0xd0f8fd0cdc6685064a1652bad8b0d7fd7b34a03c6951240e5b2dd089ec1ff252:71581559214212734459623582641570867254025690276115135164341182367173985322083:1774534289", "side": "buy", "price": 0.8180048618758663, "size": 30.073166, "outcome": "down", "asset": "71581559214212734459623582641570867254025690276115135164341182367173985322083", "transaction_hash": "0xd0f8fd0cdc6685064a1652bad8b0d7fd7b34a03c6951240e5b2dd089ec1ff252", "source": "polymarket"}
