{"timestamp_utc": "2026-03-26T16:40:01Z", "market_key": "SOL5M_2026-03-26T16:50:00Z", "condition_id": "0x82a6cdd0e3ff907d6c79607b4fa4da7adbc35e80a057242419bde7f282950325", "trade_id": "0x22c9e0849ae18eb422c61e9e932a5a2d4902e82a27190694a9b3159a95bd28d3:6926493262649465829799965258765980138337165143839263686418688609738274123094:1774543201", "side": "buy", "price": 0.546, "size": 50.0, "outcome": "up", "asset": "6926493262649465829799965258765980138337165143839263686418688609738274123094", "transaction_hash": "0x22c9e0849ae18eb422c61e9e932a5a2d4902e82a27190694a9b3159a95bd28d3", "source": "polymarket"}
{"timestamp_utc": "2026-03-26T16:40:03Z", "market_key": "SOL5M_2026-03-26T16:50:00Z", "condition_id": "0x82a6cdd0e3ff907d6c79607b4fa4da7adbc35e80a057242419bde7f282950325", "trade_id": "0xefb6246c7f05dca5819736dc0cdb2ef6b441a2edec14f38154ff8c1d00f9fc09:6926493262649465829799965258765980138337165143839263686418688609738274123094:1774543203", "side": "buy", "price": 0.5499999708480477, "size": 5.145453, "outcome": "up", "asset": "6926493262649465829799965258765980138337165143839263686418688609738274123094", "transaction_hash": "0xefb6246c7f05dca5819736dc0cdb2ef6b441a2edec14f38154ff8c1d00f9fc09", "source": "polymarket"}
{"timestamp_utc": "2026-03-26T16:40:05Z", "market_key": "SOL5M_2026-03-26T16:50:00Z", "condition_id": "0x82a6cdd0e3ff907d6c79607b4fa4da7adbc35e80a057242419bde7f282950325", "trade_id": "0xcceea17dde04ee1f11c06a0130a7dfdb0d29393c6675c7bf307d25770e684c62:6926493262649465829799965258765980138337165143839263686418688609738274123094:1774543205", "side": "buy", "price": 0.559999843199887, "size": 1.785713, "outcome": "up", "asset": "6926493262649465829799965258765980138337165143839263686418688609738274123094", "transaction_hash": "0xcceea17dde04ee1f11c06a0130a7dfdb0d29393c6675c7bf307d25770e684c62", "source": "polymarket"}
{"timestamp_utc": "2026-03-26T16:40:05Z", "market_key": "SOL5M_2026-03-26T16:50:00Z", "condition_id": "0x82a6cdd0e3ff907d6c79607b4fa4da7adbc35e80a057242419bde7f282950325", "trade_id": "0xe7534f83e503a11ad91e6ca895dcd1409f8e36d7c8f6d492e7ae69bb4b07cb5e:100970124797587390863614521085432801335755598263613259311440140109996909390172:1774543205", "side": "buy", "price": 0.4699998777999096, "size": 2.127658, "outcome": "down", "asset": "100970124797587390863614521085432801335755598263613259311440140109996909390172", "transaction_hash": "0xe7534f83e503a11ad91e6ca895dcd1409f8e36d7c8f6d492e7ae69bb4b07cb5e", "source": "polymarket"}
{"timestamp_utc": "2026-03-26T16:40:05Z", "market_key": "SOL5M_2026-03-26T16:50:00Z", "condition_id": "0x82a6cdd0e3ff907d6c79607b4fa4da7adbc35e80a057242419bde7f282950325", "trade_id": "0xe6a28415b7adc086b0bc435837a38888e5e150e82150de5fa318fb85f4416280:100970124797587390863614521085432801335755598263613259311440140109996909390172:1774543205", "side": "buy", "price": 0.47, "size": 7.87, "outcome": "down", "asset": "100970124797587390863614521085432801335755598263613259311440140109996909390172", "transaction_hash": "0xe6a28415b7adc086b0bc435837a38888e5e150e82150de5fa318fb85f4416280", "source": "polymarket"}
{"timestamp_utc": "2026-03-26T16:40:11Z", "market_key": "SOL5M_2026-03-26T16:50:00Z", "condition_id": "0x82a6cdd0e3ff907d6c79607b4fa4da7adbc35e80a057242419bde7f282950325", "trade_id": "0x584f0828ac4f83766ddebb9c8d83f173911f356dd0cb29f6c148a109d80c2215:100970124797587390863614521085432801335755598263613259311440140109996909390172:1774543211", "side": "buy", "price": 0.4807692307692308, "size": 5.2, "outcome": "down", "asset": "100970124797587390863614521085432801335755598263613259311440140109996909390172", "transaction_hash": "0x584f0828ac4f83766ddebb9c8d83f173911f356dd0cb29f6c148a109d80c2215", "source": "polymarket"}
{"timestamp_utc": "2026-03-26T16:40:23Z", "market_key": "SOL5M_2026-03-26T16:50:00Z", "condition_id": "0x82a6cdd0e3ff907d6c79607b4fa4da7adbc35e80a057242419bde7f282950325", "trade_id": "0xcd56b9eba606d27344d7e1f9e67699a41773d29d96e2fba89735650d2f604388:6926493262649465829799965258765980138337165143839263686418688609738274123094:1774543223", "side": "buy", "price": 0.53, "size": 5.0, "outcome": "up", "asset": "6926493262649465829799965258765980138337165143839263686418688609738274123094", "transaction_hash": "0xcd56b9eba606d27344d7e1f9e67699a41773d29d96e2fba89735650d2f604388", "source": "polymarket"}
{"timestamp_utc": "2026-03-26T16:40:23Z", "market_key": "SOL5M_2026-03-26T16:50:00Z", "condition_id": "0x82a6cdd0e3ff907d6c79607b4fa4da7adbc35e80a057242419bde7f282950325", "trade_id": "0x39d6c580ba57cc12d8977b302d2bc5e8250b190ab0387b6d6cc810efd454405b:6926493262649465829799965258765980138337165143839263686418688609738274123094:1774543223", "side": "buy", "price": 0.53, "size": 5.0, "outcome": "up", "asset": "6926493262649465829799965258765980138337165143839263686418688609738274123094", "transaction_hash": "0x39d6c580ba57cc12d8977b302d2bc5e8250b190ab0387b6d6cc810efd454405b", "source": "polymarket"}
{"timestamp_utc": "2026-03-26T16:40:27Z", "market_key": "SOL5M_2026-03-26T16:50:00Z", "condition_id": "0x82a6cdd0e3ff907d6c79607b4fa4da7adbc35e80a057242419bde7f282950325", "trade_id": "0x5c224c01352d1cbda45068f42379a7a052ebc055a94ef03bbcc84cea202f2910:6926493262649465829799965258765980138337165143839263686418688609738274123094:1774543227", "side": "buy", "price": 0.53, "size": 5.0, "outcome": "up", "asset": "6926493262649465829799965258765980138337165143839263686418688609738274123094", "transaction_hash": "0x5c224c01352d1cbda45068f42379a7a052ebc055a94ef03bbcc84cea202f2910", "source": "polymarket"}
{"timestamp_utc": "2026-03-26T16:40:35Z", "market_key": "SOL5M_2026-03-26T16:50:00Z", "condition_id": "0x82a6cdd0e3ff907d6c79607b4fa4da7adbc35e80a057242419bde7f282950325", "trade_id": "0x0250bd22ac5d8f7366daa1e645883e17eb0d73f2255def86b3b84241d17fc053:6926493262649465829799965258765980138337165143839263686418688609738274123094:1774543235", "side": "buy", "price": 0.53, "size": 5.5, "outcome": "up", "asset": "6926493262649465829799965258765980138337165143839263686418688609738274123094", "transaction_hash": "0x0250bd22ac5d8f7366daa1e645883e17eb0d73f2255def86b3b84241d17fc053", "source": "polymarket"}
{"timestamp_utc": "2026-03-26T16:41:05Z", "market_key": "SOL5M_2026-03-26T16:50:00Z", "condition_id": "0x82a6cdd0e3ff907d6c79607b4fa4da7adbc35e80a057242419bde7f282950325", "trade_id": "0x7decf21db670436f59158093f046c4e94e47b404397cc2b4dcd1c15396a049fd:100970124797587390863614521085432801335755598263613259311440140109996909390172:1774543265", "side": "buy", "price": 0.47999982719988943, "size": 2.083332, "outcome": "down", "asset": "100970124797587390863614521085432801335755598263613259311440140109996909390172", "transaction_hash": "0x7decf21db670436f59158093f046c4e94e47b404397cc2b4dcd1c15396a049fd", "source": "polymarket"}
{"timestamp_utc": "2026-03-26T16:41:47Z", "market_key": "SOL5M_2026-03-26T16:50:00Z", "condition_id": "0x82a6cdd0e3ff907d6c79607b4fa4da7adbc35e80a057242419bde7f282950325", "trade_id": "0x1d6d48c39f6975cb88555b5436bdbe2db4b318f0015c607e8112596da5718779:6926493262649465829799965258765980138337165143839263686418688609738274123094:1774543307", "side": "buy", "price": 0.53, "size": 14.5, "outcome": "up", "asset": "6926493262649465829799965258765980138337165143839263686418688609738274123094", "transaction_hash": "0x1d6d48c39f6975cb88555b5436bdbe2db4b318f0015c607e8112596da5718779", "source": "polymarket"}
{"timestamp_utc": "2026-03-26T16:41:55Z", "market_key": "SOL5M_2026-03-26T16:50:00Z", "condition_id": "0x82a6cdd0e3ff907d6c79607b4fa4da7adbc35e80a057242419bde7f282950325", "trade_id": "0x5c022d31e6c067a40e8a55bfb50043ad71f068d399e28250cac52b9015e85904:100970124797587390863614521085432801335755598263613259311440140109996909390172:1774543315", "side": "buy", "price": 0.47, "size": 5.82, "outcome": "down", "asset": "100970124797587390863614521085432801335755598263613259311440140109996909390172", "transaction_hash": "0x5c022d31e6c067a40e8a55bfb50043ad71f068d399e28250cac52b9015e85904", "source": "polymarket"}
{"timestamp_utc": "2026-03-26T16:42:31Z", "market_key": "SOL5M_2026-03-26T16:50:00Z", "condition_id": "0x82a6cdd0e3ff907d6c79607b4fa4da7adbc35e80a057242419bde7f282950325", "trade_id": "0x03faf5f98e7f1d8f8df706c965a78fd114d74d9e5a89e3d74a94ba9a911e7a40:100970124797587390863614521085432801335755598263613259311440140109996909390172:1774543351", "side": "buy", "price": 0.47, "size": 5.0, "outcome": "down", "asset": "100970124797587390863614521085432801335755598263613259311440140109996909390172", "transaction_hash": "0x03faf5f98e7f1d8f8df706c965a78fd114d74d9e5a89e3d74a94ba9a911e7a40", "source": "polymarket"}
{"timestamp_utc": "2026-03-26T16:44:11Z", "market_key": "SOL5M_2026-03-26T16:50:00Z", "condition_id": "0x82a6cdd0e3ff907d6c79607b4fa4da7adbc35e80a057242419bde7f282950325", "trade_id": "0x5d2fe6d7f86f5267a8f6421797c75d137768c04ce45abc143631eb49630a14e7:100970124797587390863614521085432801335755598263613259311440140109996909390172:1774543451", "side": "buy", "price": 0.4699999190983083, "size": 2.595743, "outcome": "down", "asset": "100970124797587390863614521085432801335755598263613259311440140109996909390172", "transaction_hash": "0x5d2fe6d7f86f5267a8f6421797c75d137768c04ce45abc143631eb49630a14e7", "source": "polymarket"}
{"timestamp_utc": "2026-03-26T16:44:41Z", "market_key": "SOL5M_2026-03-26T16:50:00Z", "condition_id": "0x82a6cdd0e3ff907d6c79607b4fa4da7adbc35e80a057242419bde7f282950325", "trade_id": "0x5465873581b9b16c74240078cd656b81c3fdf8a477f4d98b2c9fe529b50da35f:6926493262649465829799965258765980138337165143839263686418688609738274123094:1774543481", "side": "buy", "price": 0.55, "size": 9.0, "outcome": "up", "asset": "6926493262649465829799965258765980138337165143839263686418688609738274123094", "transaction_hash": "0x5465873581b9b16c74240078cd656b81c3fdf8a477f4d98b2c9fe529b50da35f", "source": "polymarket"}
{"timestamp_utc": "2026-03-26T16:44:57Z", "market_key": "SOL5M_2026-03-26T16:50:00Z", "condition_id": "0x82a6cdd0e3ff907d6c79607b4fa4da7adbc35e80a057242419bde7f282950325", "trade_id": "0x0687362d8cb909136a8345e823e56f0c81bc360a1470964376f91bea15031b00:6926493262649465829799965258765980138337165143839263686418688609738274123094:1774543497", "side": "buy", "price": 0.5499998395832464, "size": 2.181817, "outcome": "up", "asset": "6926493262649465829799965258765980138337165143839263686418688609738274123094", "transaction_hash": "0x0687362d8cb909136a8345e823e56f0c81bc360a1470964376f91bea15031b00", "source": "polymarket"}
{"timestamp_utc": "2026-03-26T16:44:57Z", "market_key": "SOL5M_2026-03-26T16:50:00Z", "condition_id": "0x82a6cdd0e3ff907d6c79607b4fa4da7adbc35e80a057242419bde7f282950325", "trade_id": "0xb0194936e953b8bb0ab1054eb85d6aea1aad1bb4f08043e18a6246b7307dd208:6926493262649465829799965258765980138337165143839263686418688609738274123094:1774543497", "side": "buy", "price": 0.5523474767762993, "size": 4.97875, "outcome": "up", "asset": "6926493262649465829799965258765980138337165143839263686418688609738274123094", "transaction_hash": "0xb0194936e953b8bb0ab1054eb85d6aea1aad1bb4f08043e18a6246b7307dd208", "source": "polymarket"}
{"timestamp_utc": "2026-03-26T16:44:57Z", "market_key": "SOL5M_2026-03-26T16:50:00Z", "condition_id": "0x82a6cdd0e3ff907d6c79607b4fa4da7adbc35e80a057242419bde7f282950325", "trade_id": "0xefca27de46bf7d1c7f2cc5fb39cb02da36707694ba46b9afd7263d4f6aaea918:6926493262649465829799965258765980138337165143839263686418688609738274123094:1774543497", "side": "buy", "price": 0.55, "size": 5.0, "outcome": "up", "asset": "6926493262649465829799965258765980138337165143839263686418688609738274123094", "transaction_hash": "0xefca27de46bf7d1c7f2cc5fb39cb02da36707694ba46b9afd7263d4f6aaea918", "source": "polymarket"}
{"timestamp_utc": "2026-03-26T16:44:59Z", "market_key": "SOL5M_2026-03-26T16:50:00Z", "condition_id": "0x82a6cdd0e3ff907d6c79607b4fa4da7adbc35e80a057242419bde7f282950325", "trade_id": "0x2a8b950dd07f677054ee014c030e96f2ecb3235ffc1e7fa46ff1a5feb91da625:6926493262649465829799965258765980138337165143839263686418688609738274123094:1774543499", "side": "buy", "price": 0.5599999316610021, "size": 5.267856, "outcome": "up", "asset": "6926493262649465829799965258765980138337165143839263686418688609738274123094", "transaction_hash": "0x2a8b950dd07f677054ee014c030e96f2ecb3235ffc1e7fa46ff1a5feb91da625", "source": "polymarket"}
{"timestamp_utc": "2026-03-26T16:44:59Z", "market_key": "SOL5M_2026-03-26T16:50:00Z", "condition_id": "0x82a6cdd0e3ff907d6c79607b4fa4da7adbc35e80a057242419bde7f282950325", "trade_id": "0x33b8b9fc8285b3f7c409d8308b38c4b74ec1f5cb73e36a2d4598783d26560489:6926493262649465829799965258765980138337165143839263686418688609738274123094:1774543499", "side": "buy", "price": 0.56, "size": 5.0, "outcome": "up", "asset": "6926493262649465829799965258765980138337165143839263686418688609738274123094", "transaction_hash": "0x33b8b9fc8285b3f7c409d8308b38c4b74ec1f5cb73e36a2d4598783d26560489", "source": "polymarket"}
{"timestamp_utc": "2026-03-26T16:45:01Z", "market_key": "SOL5M_2026-03-26T16:50:00Z", "condition_id": "0x82a6cdd0e3ff907d6c79607b4fa4da7adbc35e80a057242419bde7f282950325", "trade_id": "0xaffc47f9e5b40cdb2c3543eb93967856d92252482cd9ca95175fefe28b99de8b:6926493262649465829799965258765980138337165143839263686418688609738274123094:1774543501", "side": "buy", "price": 0.56, "size": 5.0, "outcome": "up", "asset": "6926493262649465829799965258765980138337165143839263686418688609738274123094", "transaction_hash": "0xaffc47f9e5b40cdb2c3543eb93967856d92252482cd9ca95175fefe28b99de8b", "source": "polymarket"}
{"timestamp_utc": "2026-03-26T16:45:03Z", "market_key": "SOL5M_2026-03-26T16:50:00Z", "condition_id": "0x82a6cdd0e3ff907d6c79607b4fa4da7adbc35e80a057242419bde7f282950325", "trade_id": "0x367fd3afb89b738003c564bfdb025a5fef8c12db7fc1c536321586ea99af6681:6926493262649465829799965258765980138337165143839263686418688609738274123094:1774543503", "side": "buy", "price": 0.63, "size": 5.12, "outcome": "up", "asset": "6926493262649465829799965258765980138337165143839263686418688609738274123094", "transaction_hash": "0x367fd3afb89b738003c564bfdb025a5fef8c12db7fc1c536321586ea99af6681", "source": "polymarket"}
{"timestamp_utc": "2026-03-26T16:45:03Z", "market_key": "SOL5M_2026-03-26T16:50:00Z", "condition_id": "0x82a6cdd0e3ff907d6c79607b4fa4da7adbc35e80a057242419bde7f282950325", "trade_id": "0xe3de156625b6c98f6adf8873ea50414aa1c82a2d26e4346772555a88a0778671:6926493262649465829799965258765980138337165143839263686418688609738274123094:1774543503", "side": "buy", "price": 0.63, "size": 31.37, "outcome": "up", "asset": "6926493262649465829799965258765980138337165143839263686418688609738274123094", "transaction_hash": "0xe3de156625b6c98f6adf8873ea50414aa1c82a2d26e4346772555a88a0778671", "source": "polymarket"}
{"timestamp_utc": "2026-03-26T16:45:03Z", "market_key": "SOL5M_2026-03-26T16:50:00Z", "condition_id": "0x82a6cdd0e3ff907d6c79607b4fa4da7adbc35e80a057242419bde7f282950325", "trade_id": "0x035dfe7175b511ecde55df102d7d21ca9dd324265fe99b47b57a18dbcc43ce7d:6926493262649465829799965258765980138337165143839263686418688609738274123094:1774543503", "side": "buy", "price": 0.63, "size": 30.75, "outcome": "up", "asset": "6926493262649465829799965258765980138337165143839263686418688609738274123094", "transaction_hash": "0x035dfe7175b511ecde55df102d7d21ca9dd324265fe99b47b57a18dbcc43ce7d", "source": "polymarket"}
{"timestamp_utc": "2026-03-26T16:45:03Z", "market_key": "SOL5M_2026-03-26T16:50:00Z", "condition_id": "0x82a6cdd0e3ff907d6c79607b4fa4da7adbc35e80a057242419bde7f282950325", "trade_id": "0x9f5bca8c80998441209bf4c134e0fde8ba3fabdb646bb9b3b8064677d5148783:100970124797587390863614521085432801335755598263613259311440140109996909390172:1774543503", "side": "buy", "price": 0.46310843990573536, "size": 7.255318, "outcome": "down", "asset": "100970124797587390863614521085432801335755598263613259311440140109996909390172", "transaction_hash": "0x9f5bca8c80998441209bf4c134e0fde8ba3fabdb646bb9b3b8064677d5148783", "source": "polymarket"}
{"timestamp_utc": "2026-03-26T16:45:05Z", "market_key": "SOL5M_2026-03-26T16:50:00Z", "condition_id": "0x82a6cdd0e3ff907d6c79607b4fa4da7adbc35e80a057242419bde7f282950325", "trade_id": "0xeffa62d4b93225e090bc3287c1498608266b0bd1fc2f6e0e74b4b9b42b4f9d59:6926493262649465829799965258765980138337165143839263686418688609738274123094:1774543505", "side": "buy", "price": 0.63, "size": 5.28, "outcome": "up", "asset": "6926493262649465829799965258765980138337165143839263686418688609738274123094", "transaction_hash": "0xeffa62d4b93225e090bc3287c1498608266b0bd1fc2f6e0e74b4b9b42b4f9d59", "source": "polymarket"}
{"timestamp_utc": "2026-03-26T16:45:05Z", "market_key": "SOL5M_2026-03-26T16:50:00Z", "condition_id": "0x82a6cdd0e3ff907d6c79607b4fa4da7adbc35e80a057242419bde7f282950325", "trade_id": "0x2726f8bc303ab993da92f2ad1b012f904bbef8d6697f51203b17aa3d6c9cc1d8:6926493262649465829799965258765980138337165143839263686418688609738274123094:1774543505", "side": "buy", "price": 0.58, "size": 5.43, "outcome": "up", "asset": "6926493262649465829799965258765980138337165143839263686418688609738274123094", "transaction_hash": "0x2726f8bc303ab993da92f2ad1b012f904bbef8d6697f51203b17aa3d6c9cc1d8", "source": "polymarket"}
{"timestamp_utc": "2026-03-26T16:45:05Z", "market_key": "SOL5M_2026-03-26T16:50:00Z", "condition_id": "0x82a6cdd0e3ff907d6c79607b4fa4da7adbc35e80a057242419bde7f282950325", "trade_id": "0x050a8d3378bc7487f6d7a6522a4c79be7bd0d6cccf4b9c7e5f791e7d9ec6f881:100970124797587390863614521085432801335755598263613259311440140109996909390172:1774543505", "side": "buy", "price": 0.470957810718358, "size": 17.54, "outcome": "down", "asset": "100970124797587390863614521085432801335755598263613259311440140109996909390172", "transaction_hash": "0x050a8d3378bc7487f6d7a6522a4c79be7bd0d6cccf4b9c7e5f791e7d9ec6f881", "source": "polymarket"}
{"timestamp_utc": "2026-03-26T16:45:05Z", "market_key": "SOL5M_2026-03-26T16:50:00Z", "condition_id": "0x82a6cdd0e3ff907d6c79607b4fa4da7adbc35e80a057242419bde7f282950325", "trade_id": "0x26b866c4347d4956ccd89e2f3f84df4ebc96a09385874e61c5a5d3b6166e727a:6926493262649465829799965258765980138337165143839263686418688609738274123094:1774543505", "side": "buy", "price": 0.6456222639149468, "size": 31.98, "outcome": "up", "asset": "6926493262649465829799965258765980138337165143839263686418688609738274123094", "transaction_hash": "0x26b866c4347d4956ccd89e2f3f84df4ebc96a09385874e61c5a5d3b6166e727a", "source": "polymarket"}
{"timestamp_utc": "2026-03-26T16:45:07Z", "market_key": "SOL5M_2026-03-26T16:50:00Z", "condition_id": "0x82a6cdd0e3ff907d6c79607b4fa4da7adbc35e80a057242419bde7f282950325", "trade_id": "0x50b42354533e9747d9560b6c9cc0c79a77a3c5a52db3018f3dcec4a09ce3a069:100970124797587390863614521085432801335755598263613259311440140109996909390172:1774543507", "side": "buy", "price": 0.4899999784399923, "size": 5.102039, "outcome": "down", "asset": "100970124797587390863614521085432801335755598263613259311440140109996909390172", "transaction_hash": "0x50b42354533e9747d9560b6c9cc0c79a77a3c5a52db3018f3dcec4a09ce3a069", "source": "polymarket"}
{"timestamp_utc": "2026-03-26T16:45:07Z", "market_key": "SOL5M_2026-03-26T16:50:00Z", "condition_id": "0x82a6cdd0e3ff907d6c79607b4fa4da7adbc35e80a057242419bde7f282950325", "trade_id": "0x98fe0ea50e82d4727a75810bbb90e31eb60749a52b0646c9365fadd2afad24e9:100970124797587390863614521085432801335755598263613259311440140109996909390172:1774543507", "side": "buy", "price": 0.49, "size": 5.05, "outcome": "down", "asset": "100970124797587390863614521085432801335755598263613259311440140109996909390172", "transaction_hash": "0x98fe0ea50e82d4727a75810bbb90e31eb60749a52b0646c9365fadd2afad24e9", "source": "polymarket"}
{"timestamp_utc": "2026-03-26T16:45:07Z", "market_key": "SOL5M_2026-03-26T16:50:00Z", "condition_id": "0x82a6cdd0e3ff907d6c79607b4fa4da7adbc35e80a057242419bde7f282950325", "trade_id": "0xb8ccb774764d639ebdb1477e18797cb324e8abf4017c0a477a0f35ea2ff7c704:100970124797587390863614521085432801335755598263613259311440140109996909390172:1774543507", "side": "buy", "price": 0.49, "size": 20.0, "outcome": "down", "asset": "100970124797587390863614521085432801335755598263613259311440140109996909390172", "transaction_hash": "0xb8ccb774764d639ebdb1477e18797cb324e8abf4017c0a477a0f35ea2ff7c704", "source": "polymarket"}
{"timestamp_utc": "2026-03-26T16:45:07Z", "market_key": "SOL5M_2026-03-26T16:50:00Z", "condition_id": "0x82a6cdd0e3ff907d6c79607b4fa4da7adbc35e80a057242419bde7f282950325", "trade_id": "0xd7786541b13fb49e81422ccdce3a4397fccd347739a1a6cc28505b8c5dc9821f:6926493262649465829799965258765980138337165143839263686418688609738274123094:1774543507", "side": "buy", "price": 0.539999947636337, "size": 3.055554, "outcome": "up", "asset": "6926493262649465829799965258765980138337165143839263686418688609738274123094", "transaction_hash": "0xd7786541b13fb49e81422ccdce3a4397fccd347739a1a6cc28505b8c5dc9821f", "source": "polymarket"}
{"timestamp_utc": "2026-03-26T16:45:07Z", "market_key": "SOL5M_2026-03-26T16:50:00Z", "condition_id": "0x82a6cdd0e3ff907d6c79607b4fa4da7adbc35e80a057242419bde7f282950325", "trade_id": "0x6d186dd5cf2db08e1dc8e8688e53b55339a4a15441cb7e7a24fb15323e88a3dd:100970124797587390863614521085432801335755598263613259311440140109996909390172:1774543507", "side": "buy", "price": 0.48, "size": 10.0, "outcome": "down", "asset": "100970124797587390863614521085432801335755598263613259311440140109996909390172", "transaction_hash": "0x6d186dd5cf2db08e1dc8e8688e53b55339a4a15441cb7e7a24fb15323e88a3dd", "source": "polymarket"}
{"timestamp_utc": "2026-03-26T16:45:07Z", "market_key": "SOL5M_2026-03-26T16:50:00Z", "condition_id": "0x82a6cdd0e3ff907d6c79607b4fa4da7adbc35e80a057242419bde7f282950325", "trade_id": "0x856f37b245a9348a2978eb364ce373e7d19ca4c8e8f900f1f1d3a564607be455:100970124797587390863614521085432801335755598263613259311440140109996909390172:1774543507", "side": "buy", "price": 0.48446152285153354, "size": 56.640203, "outcome": "down", "asset": "100970124797587390863614521085432801335755598263613259311440140109996909390172", "transaction_hash": "0x856f37b245a9348a2978eb364ce373e7d19ca4c8e8f900f1f1d3a564607be455", "source": "polymarket"}
{"timestamp_utc": "2026-03-26T16:45:09Z", "market_key": "SOL5M_2026-03-26T16:50:00Z", "condition_id": "0x82a6cdd0e3ff907d6c79607b4fa4da7adbc35e80a057242419bde7f282950325", "trade_id": "0x65292037543873831953dd6ad2c4da297ac338a7e2b2c42a596d8a98f56a8006:6926493262649465829799965258765980138337165143839263686418688609738274123094:1774543509", "side": "buy", "price": 0.5399999890909071, "size": 9.166665, "outcome": "up", "asset": "6926493262649465829799965258765980138337165143839263686418688609738274123094", "transaction_hash": "0x65292037543873831953dd6ad2c4da297ac338a7e2b2c42a596d8a98f56a8006", "source": "polymarket"}
{"timestamp_utc": "2026-03-26T16:45:09Z", "market_key": "SOL5M_2026-03-26T16:50:00Z", "condition_id": "0x82a6cdd0e3ff907d6c79607b4fa4da7adbc35e80a057242419bde7f282950325", "trade_id": "0xb2ba9d82efe4a9b60fe6eb5ab10f8c67cc23f72ef57353c30e4792ba8efcf92a:6926493262649465829799965258765980138337165143839263686418688609738274123094:1774543509", "side": "buy", "price": 0.53, "size": 5.0, "outcome": "up", "asset": "6926493262649465829799965258765980138337165143839263686418688609738274123094", "transaction_hash": "0xb2ba9d82efe4a9b60fe6eb5ab10f8c67cc23f72ef57353c30e4792ba8efcf92a", "source": "polymarket"}
{"timestamp_utc": "2026-03-26T16:45:09Z", "market_key": "SOL5M_2026-03-26T16:50:00Z", "condition_id": "0x82a6cdd0e3ff907d6c79607b4fa4da7adbc35e80a057242419bde7f282950325", "trade_id": "0x02a1a9b4b4b7a181947c0300e9f7d64d8594232380a0bfdf315cebc5fe54822e:100970124797587390863614521085432801335755598263613259311440140109996909390172:1774543509", "side": "buy", "price": 0.4899999815759992, "size": 25.510203, "outcome": "down", "asset": "100970124797587390863614521085432801335755598263613259311440140109996909390172", "transaction_hash": "0x02a1a9b4b4b7a181947c0300e9f7d64d8594232380a0bfdf315cebc5fe54822e", "source": "polymarket"}
{"timestamp_utc": "2026-03-26T16:45:09Z", "market_key": "SOL5M_2026-03-26T16:50:00Z", "condition_id": "0x82a6cdd0e3ff907d6c79607b4fa4da7adbc35e80a057242419bde7f282950325", "trade_id": "0x485aa2d3bc954ad8b2919fd24952bae63072cca00ccd92af39147ed24bc847e7:6926493262649465829799965258765980138337165143839263686418688609738274123094:1774543509", "side": "buy", "price": 0.5299999860808057, "size": 9.339621, "outcome": "up", "asset": "6926493262649465829799965258765980138337165143839263686418688609738274123094", "transaction_hash": "0x485aa2d3bc954ad8b2919fd24952bae63072cca00ccd92af39147ed24bc847e7", "source": "polymarket"}
{"timestamp_utc": "2026-03-26T16:45:09Z", "market_key": "SOL5M_2026-03-26T16:50:00Z", "condition_id": "0x82a6cdd0e3ff907d6c79607b4fa4da7adbc35e80a057242419bde7f282950325", "trade_id": "0x00ce1664fe80086830c3158929c8e59627673b8b2af7099cf0d5e403c8c96668:6926493262649465829799965258765980138337165143839263686418688609738274123094:1774543509", "side": "buy", "price": 0.519999991595958, "size": 9.519229, "outcome": "up", "asset": "6926493262649465829799965258765980138337165143839263686418688609738274123094", "transaction_hash": "0x00ce1664fe80086830c3158929c8e59627673b8b2af7099cf0d5e403c8c96668", "source": "polymarket"}
{"timestamp_utc": "2026-03-26T16:45:09Z", "market_key": "SOL5M_2026-03-26T16:50:00Z", "condition_id": "0x82a6cdd0e3ff907d6c79607b4fa4da7adbc35e80a057242419bde7f282950325", "trade_id": "0x78f500aa91529556d33f830059dc8178180e509ea192a710e607ce9640735b46:100970124797587390863614521085432801335755598263613259311440140109996909390172:1774543509", "side": "buy", "price": 0.48, "size": 5.0, "outcome": "down", "asset": "100970124797587390863614521085432801335755598263613259311440140109996909390172", "transaction_hash": "0x78f500aa91529556d33f830059dc8178180e509ea192a710e607ce9640735b46", "source": "polymarket"}
{"timestamp_utc": "2026-03-26T16:45:11Z", "market_key": "SOL5M_2026-03-26T16:50:00Z", "condition_id": "0x82a6cdd0e3ff907d6c79607b4fa4da7adbc35e80a057242419bde7f282950325", "trade_id": "0x2bf3cb50118f20845e4764885a0c651e1753c7d84af642773f6e0c197148aaba:100970124797587390863614521085432801335755598263613259311440140109996909390172:1774543511", "side": "sell", "price": 0.42, "size": 5.92, "outcome": "down", "asset": "100970124797587390863614521085432801335755598263613259311440140109996909390172", "transaction_hash": "0x2bf3cb50118f20845e4764885a0c651e1753c7d84af642773f6e0c197148aaba", "source": "polymarket"}
{"timestamp_utc": "2026-03-26T16:45:11Z", "market_key": "SOL5M_2026-03-26T16:50:00Z", "condition_id": "0x82a6cdd0e3ff907d6c79607b4fa4da7adbc35e80a057242419bde7f282950325", "trade_id": "0xc7cee57111dfa6fc8248bfdb3514e2259cf1dcf0184593c49d5e9624a1a5588a:100970124797587390863614521085432801335755598263613259311440140109996909390172:1774543511", "side": "buy", "price": 0.4888124064490083, "size": 42.102039, "outcome": "down", "asset": "100970124797587390863614521085432801335755598263613259311440140109996909390172", "transaction_hash": "0xc7cee57111dfa6fc8248bfdb3514e2259cf1dcf0184593c49d5e9624a1a5588a", "source": "polymarket"}
{"timestamp_utc": "2026-03-26T16:45:11Z", "market_key": "SOL5M_2026-03-26T16:50:00Z", "condition_id": "0x82a6cdd0e3ff907d6c79607b4fa4da7adbc35e80a057242419bde7f282950325", "trade_id": "0x453573a74f28be1e7f894ea698406e8d75a5a1912305a04bb58355e3b138694f:6926493262649465829799965258765980138337165143839263686418688609738274123094:1774543511", "side": "buy", "price": 0.5599999578154299, "size": 9.48214, "outcome": "up", "asset": "6926493262649465829799965258765980138337165143839263686418688609738274123094", "transaction_hash": "0x453573a74f28be1e7f894ea698406e8d75a5a1912305a04bb58355e3b138694f", "source": "polymarket"}
{"timestamp_utc": "2026-03-26T16:45:11Z", "market_key": "SOL5M_2026-03-26T16:50:00Z", "condition_id": "0x82a6cdd0e3ff907d6c79607b4fa4da7adbc35e80a057242419bde7f282950325", "trade_id": "0xe451f00a1d1c235b3442dba26f18b12713af5c60fb85865d5cf30605190329ea:6926493262649465829799965258765980138337165143839263686418688609738274123094:1774543511", "side": "buy", "price": 0.5699999828248561, "size": 9.315788, "outcome": "up", "asset": "6926493262649465829799965258765980138337165143839263686418688609738274123094", "transaction_hash": "0xe451f00a1d1c235b3442dba26f18b12713af5c60fb85865d5cf30605190329ea", "source": "polymarket"}
{"timestamp_utc": "2026-03-26T16:45:11Z", "market_key": "SOL5M_2026-03-26T16:50:00Z", "condition_id": "0x82a6cdd0e3ff907d6c79607b4fa4da7adbc35e80a057242419bde7f282950325", "trade_id": "0xf1ba3c5392a56056e3c6d5437cac301c6e96641aa8561438d7d405bb3b490a85:6926493262649465829799965258765980138337165143839263686418688609738274123094:1774543511", "side": "buy", "price": 0.5599999578154299, "size": 9.48214, "outcome": "up", "asset": "6926493262649465829799965258765980138337165143839263686418688609738274123094", "transaction_hash": "0xf1ba3c5392a56056e3c6d5437cac301c6e96641aa8561438d7d405bb3b490a85", "source": "polymarket"}
{"timestamp_utc": "2026-03-26T16:45:11Z", "market_key": "SOL5M_2026-03-26T16:50:00Z", "condition_id": "0x82a6cdd0e3ff907d6c79607b4fa4da7adbc35e80a057242419bde7f282950325", "trade_id": "0xab3d580182f9476ea3e6ce3f660661768d3214e3075e590fd79429a72730657e:6926493262649465829799965258765980138337165143839263686418688609738274123094:1774543511", "side": "buy", "price": 0.5699999059499214, "size": 3.508769, "outcome": "up", "asset": "6926493262649465829799965258765980138337165143839263686418688609738274123094", "transaction_hash": "0xab3d580182f9476ea3e6ce3f660661768d3214e3075e590fd79429a72730657e", "source": "polymarket"}
{"timestamp_utc": "2026-03-26T16:45:11Z", "market_key": "SOL5M_2026-03-26T16:50:00Z", "condition_id": "0x82a6cdd0e3ff907d6c79607b4fa4da7adbc35e80a057242419bde7f282950325", "trade_id": "0xc477bd7193b93e32d0067f482b62e2cdca43d96179ec6fbb6ed332efcc768972:100970124797587390863614521085432801335755598263613259311440140109996909390172:1774543511", "side": "sell", "price": 0.43, "size": 7.0, "outcome": "down", "asset": "100970124797587390863614521085432801335755598263613259311440140109996909390172", "transaction_hash": "0xc477bd7193b93e32d0067f482b62e2cdca43d96179ec6fbb6ed332efcc768972", "source": "polymarket"}
{"timestamp_utc": "2026-03-26T16:45:11Z", "market_key": "SOL5M_2026-03-26T16:50:00Z", "condition_id": "0x82a6cdd0e3ff907d6c79607b4fa4da7adbc35e80a057242419bde7f282950325", "trade_id": "0x355390f9b71540422484818e76cadcfd0a0e189c569c198477694c070bfc8ebb:100970124797587390863614521085432801335755598263613259311440140109996909390172:1774543511", "side": "buy", "price": 0.43, "size": 5.0, "outcome": "down", "asset": "100970124797587390863614521085432801335755598263613259311440140109996909390172", "transaction_hash": "0x355390f9b71540422484818e76cadcfd0a0e189c569c198477694c070bfc8ebb", "source": "polymarket"}
{"timestamp_utc": "2026-03-26T16:45:11Z", "market_key": "SOL5M_2026-03-26T16:50:00Z", "condition_id": "0x82a6cdd0e3ff907d6c79607b4fa4da7adbc35e80a057242419bde7f282950325", "trade_id": "0x6fc68ae9aeff1282b9319744997f8b09de96186343ca6384fe225e31273d1004:6926493262649465829799965258765980138337165143839263686418688609738274123094:1774543511", "side": "buy", "price": 0.54, "size": 9.8, "outcome": "up", "asset": "6926493262649465829799965258765980138337165143839263686418688609738274123094", "transaction_hash": "0x6fc68ae9aeff1282b9319744997f8b09de96186343ca6384fe225e31273d1004", "source": "polymarket"}
{"timestamp_utc": "2026-03-26T16:45:15Z", "market_key": "SOL5M_2026-03-26T16:50:00Z", "condition_id": "0x82a6cdd0e3ff907d6c79607b4fa4da7adbc35e80a057242419bde7f282950325", "trade_id": "0x28a3fd076477268157e1f4dd94ebfaca8752838cbd0fdc0d016337db0a040138:6926493262649465829799965258765980138337165143839263686418688609738274123094:1774543515", "side": "buy", "price": 0.5699999059499214, "size": 3.508769, "outcome": "up", "asset": "6926493262649465829799965258765980138337165143839263686418688609738274123094", "transaction_hash": "0x28a3fd076477268157e1f4dd94ebfaca8752838cbd0fdc0d016337db0a040138", "source": "polymarket"}
{"timestamp_utc": "2026-03-26T16:45:15Z", "market_key": "SOL5M_2026-03-26T16:50:00Z", "condition_id": "0x82a6cdd0e3ff907d6c79607b4fa4da7adbc35e80a057242419bde7f282950325", "trade_id": "0xcd058922bdbee089ff2a11298a616fdbe5b5002d8cb7434553518015f604d612:6926493262649465829799965258765980138337165143839263686418688609738274123094:1774543515", "side": "buy", "price": 0.5774760476118989, "size": 19.810342, "outcome": "up", "asset": "6926493262649465829799965258765980138337165143839263686418688609738274123094", "transaction_hash": "0xcd058922bdbee089ff2a11298a616fdbe5b5002d8cb7434553518015f604d612", "source": "polymarket"}
{"timestamp_utc": "2026-03-26T16:45:15Z", "market_key": "SOL5M_2026-03-26T16:50:00Z", "condition_id": "0x82a6cdd0e3ff907d6c79607b4fa4da7adbc35e80a057242419bde7f282950325", "trade_id": "0x205fc9569291ea35b5cf98c8ff755024331e8bd130eafac42a29fbd8941d2126:100970124797587390863614521085432801335755598263613259311440140109996909390172:1774543515", "side": "buy", "price": 0.44, "size": 5.0, "outcome": "down", "asset": "100970124797587390863614521085432801335755598263613259311440140109996909390172", "transaction_hash": "0x205fc9569291ea35b5cf98c8ff755024331e8bd130eafac42a29fbd8941d2126", "source": "polymarket"}
{"timestamp_utc": "2026-03-26T16:45:17Z", "market_key": "SOL5M_2026-03-26T16:50:00Z", "condition_id": "0x82a6cdd0e3ff907d6c79607b4fa4da7adbc35e80a057242419bde7f282950325", "trade_id": "0x71cc1166ea099d6a7c040fa61fa847367ad5212a0f0a4348ce0452a581ca4e3b:6926493262649465829799965258765980138337165143839263686418688609738274123094:1774543517", "side": "buy", "price": 0.5699999672777736, "size": 9.473683, "outcome": "up", "asset": "6926493262649465829799965258765980138337165143839263686418688609738274123094", "transaction_hash": "0x71cc1166ea099d6a7c040fa61fa847367ad5212a0f0a4348ce0452a581ca4e3b", "source": "polymarket"}
{"timestamp_utc": "2026-03-26T16:45:17Z", "market_key": "SOL5M_2026-03-26T16:50:00Z", "condition_id": "0x82a6cdd0e3ff907d6c79607b4fa4da7adbc35e80a057242419bde7f282950325", "trade_id": "0xa4330fcc311b6a18f1a7b2d5664b8298f33dc797c4c3ff4dd9dfe9af1f682fcd:6926493262649465829799965258765980138337165143839263686418688609738274123094:1774543517", "side": "buy", "price": 0.57, "size": 9.0, "outcome": "up", "asset": "6926493262649465829799965258765980138337165143839263686418688609738274123094", "transaction_hash": "0xa4330fcc311b6a18f1a7b2d5664b8298f33dc797c4c3ff4dd9dfe9af1f682fcd", "source": "polymarket"}
{"timestamp_utc": "2026-03-26T16:45:21Z", "market_key": "SOL5M_2026-03-26T16:50:00Z", "condition_id": "0x82a6cdd0e3ff907d6c79607b4fa4da7adbc35e80a057242419bde7f282950325", "trade_id": "0x9cb4d80066b83489df27ef7bb331cdb2172279562d51f04166ae17e6b3273395:100970124797587390863614521085432801335755598263613259311440140109996909390172:1774543521", "side": "sell", "price": 0.44, "size": 0.01, "outcome": "down", "asset": "100970124797587390863614521085432801335755598263613259311440140109996909390172", "transaction_hash": "0x9cb4d80066b83489df27ef7bb331cdb2172279562d51f04166ae17e6b3273395", "source": "polymarket"}
{"timestamp_utc": "2026-03-26T16:45:21Z", "market_key": "SOL5M_2026-03-26T16:50:00Z", "condition_id": "0x82a6cdd0e3ff907d6c79607b4fa4da7adbc35e80a057242419bde7f282950325", "trade_id": "0x81e311d2f160c58d048cdadd9a36bae2f4480e5da9dc3ed8330386c57da62d94:100970124797587390863614521085432801335755598263613259311440140109996909390172:1774543521", "side": "buy", "price": 0.46766907163524724, "size": 17.576529, "outcome": "down", "asset": "100970124797587390863614521085432801335755598263613259311440140109996909390172", "transaction_hash": "0x81e311d2f160c58d048cdadd9a36bae2f4480e5da9dc3ed8330386c57da62d94", "source": "polymarket"}
{"timestamp_utc": "2026-03-26T16:45:21Z", "market_key": "SOL5M_2026-03-26T16:50:00Z", "condition_id": "0x82a6cdd0e3ff907d6c79607b4fa4da7adbc35e80a057242419bde7f282950325", "trade_id": "0xa4c47637f24297feae9c9abba6790853295f42c937d208982b9f8dc9ab2d3192:100970124797587390863614521085432801335755598263613259311440140109996909390172:1774543521", "side": "buy", "price": 0.45, "size": 3.37, "outcome": "down", "asset": "100970124797587390863614521085432801335755598263613259311440140109996909390172", "transaction_hash": "0xa4c47637f24297feae9c9abba6790853295f42c937d208982b9f8dc9ab2d3192", "source": "polymarket"}
{"timestamp_utc": "2026-03-26T16:45:21Z", "market_key": "SOL5M_2026-03-26T16:50:00Z", "condition_id": "0x82a6cdd0e3ff907d6c79607b4fa4da7adbc35e80a057242419bde7f282950325", "trade_id": "0x7a2d3708423d20e3273492fcd954018c142c099b3d250ff36a933e2f663d648e:100970124797587390863614521085432801335755598263613259311440140109996909390172:1774543521", "side": "buy", "price": 0.45, "size": 5.4, "outcome": "down", "asset": "100970124797587390863614521085432801335755598263613259311440140109996909390172", "transaction_hash": "0x7a2d3708423d20e3273492fcd954018c142c099b3d250ff36a933e2f663d648e", "source": "polymarket"}
{"timestamp_utc": "2026-03-26T16:45:23Z", "market_key": "SOL5M_2026-03-26T16:50:00Z", "condition_id": "0x82a6cdd0e3ff907d6c79607b4fa4da7adbc35e80a057242419bde7f282950325", "trade_id": "0xe571a6bca1e769bf742148f1ea3132f3abe03a96ec588ff732c1ef6a49fc8f1a:6926493262649465829799965258765980138337165143839263686418688609738274123094:1774543523", "side": "buy", "price": 0.5344444444444445, "size": 27.0, "outcome": "up", "asset": "6926493262649465829799965258765980138337165143839263686418688609738274123094", "transaction_hash": "0xe571a6bca1e769bf742148f1ea3132f3abe03a96ec588ff732c1ef6a49fc8f1a", "source": "polymarket"}
{"timestamp_utc": "2026-03-26T16:45:23Z", "market_key": "SOL5M_2026-03-26T16:50:00Z", "condition_id": "0x82a6cdd0e3ff907d6c79607b4fa4da7adbc35e80a057242419bde7f282950325", "trade_id": "0x5778df9054cdbc6a87b7b78d78acd6f2a7dbf98470fa6de2f9cbbc0e709b4641:6926493262649465829799965258765980138337165143839263686418688609738274123094:1774543523", "side": "buy", "price": 0.5499999559999947, "size": 9.090908, "outcome": "up", "asset": "6926493262649465829799965258765980138337165143839263686418688609738274123094", "transaction_hash": "0x5778df9054cdbc6a87b7b78d78acd6f2a7dbf98470fa6de2f9cbbc0e709b4641", "source": "polymarket"}
{"timestamp_utc": "2026-03-26T16:45:25Z", "market_key": "SOL5M_2026-03-26T16:50:00Z", "condition_id": "0x82a6cdd0e3ff907d6c79607b4fa4da7adbc35e80a057242419bde7f282950325", "trade_id": "0x7405d28b9f7a770484075968b27e749b7441fd098ac05914eddb5df1c012af6c:6926493262649465829799965258765980138337165143839263686418688609738274123094:1774543525", "side": "buy", "price": 0.54, "size": 1.85185, "outcome": "up", "asset": "6926493262649465829799965258765980138337165143839263686418688609738274123094", "transaction_hash": "0x7405d28b9f7a770484075968b27e749b7441fd098ac05914eddb5df1c012af6c", "source": "polymarket"}
{"timestamp_utc": "2026-03-26T16:45:25Z", "market_key": "SOL5M_2026-03-26T16:50:00Z", "condition_id": "0x82a6cdd0e3ff907d6c79607b4fa4da7adbc35e80a057242419bde7f282950325", "trade_id": "0x368a7759a4e44282b04b0b9405654a2fc5e4c1e78673476aae6997c34476c8e1:100970124797587390863614521085432801335755598263613259311440140109996909390172:1774543525", "side": "buy", "price": 0.47489795918367345, "size": 9.8, "outcome": "down", "asset": "100970124797587390863614521085432801335755598263613259311440140109996909390172", "transaction_hash": "0x368a7759a4e44282b04b0b9405654a2fc5e4c1e78673476aae6997c34476c8e1", "source": "polymarket"}
{"timestamp_utc": "2026-03-26T16:45:27Z", "market_key": "SOL5M_2026-03-26T16:50:00Z", "condition_id": "0x82a6cdd0e3ff907d6c79607b4fa4da7adbc35e80a057242419bde7f282950325", "trade_id": "0xe7e3695e82426d20fa1452f566d81c80790b66bdfaa41afb487e3aa4344b8e2e:100970124797587390863614521085432801335755598263613259311440140109996909390172:1774543527", "side": "buy", "price": 0.4699999702333253, "size": 6.382977, "outcome": "down", "asset": "100970124797587390863614521085432801335755598263613259311440140109996909390172", "transaction_hash": "0xe7e3695e82426d20fa1452f566d81c80790b66bdfaa41afb487e3aa4344b8e2e", "source": "polymarket"}
{"timestamp_utc": "2026-03-26T16:45:29Z", "market_key": "SOL5M_2026-03-26T16:50:00Z", "condition_id": "0x82a6cdd0e3ff907d6c79607b4fa4da7adbc35e80a057242419bde7f282950325", "trade_id": "0x370d13db2e631f33f603752104b81bc36392e3b581f0d142dd18ef23cdea2748:6926493262649465829799965258765980138337165143839263686418688609738274123094:1774543529", "side": "buy", "price": 0.5499999559999947, "size": 9.090908, "outcome": "up", "asset": "6926493262649465829799965258765980138337165143839263686418688609738274123094", "transaction_hash": "0x370d13db2e631f33f603752104b81bc36392e3b581f0d142dd18ef23cdea2748", "source": "polymarket"}
{"timestamp_utc": "2026-03-26T16:45:31Z", "market_key": "SOL5M_2026-03-26T16:50:00Z", "condition_id": "0x82a6cdd0e3ff907d6c79607b4fa4da7adbc35e80a057242419bde7f282950325", "trade_id": "0x8a2bd433bbe8946ca5d811d4a42381fb855b51914085c3049454d204ff6d2ec4:100970124797587390863614521085432801335755598263613259311440140109996909390172:1774543531", "side": "buy", "price": 0.47998746032753625, "size": 416.67755, "outcome": "down", "asset": "100970124797587390863614521085432801335755598263613259311440140109996909390172", "transaction_hash": "0x8a2bd433bbe8946ca5d811d4a42381fb855b51914085c3049454d204ff6d2ec4", "source": "polymarket"}
{"timestamp_utc": "2026-03-26T16:45:35Z", "market_key": "SOL5M_2026-03-26T16:50:00Z", "condition_id": "0x82a6cdd0e3ff907d6c79607b4fa4da7adbc35e80a057242419bde7f282950325", "trade_id": "0x505bc5ac154b1194c9b6c774139483011d00bd452491b0c7e028948da3c3c67b:6926493262649465829799965258765980138337165143839263686418688609738274123094:1774543535", "side": "sell", "price": 0.52, "size": 8.77, "outcome": "up", "asset": "6926493262649465829799965258765980138337165143839263686418688609738274123094", "transaction_hash": "0x505bc5ac154b1194c9b6c774139483011d00bd452491b0c7e028948da3c3c67b", "source": "polymarket"}
{"timestamp_utc": "2026-03-26T16:45:39Z", "market_key": "SOL5M_2026-03-26T16:50:00Z", "condition_id": "0x82a6cdd0e3ff907d6c79607b4fa4da7adbc35e80a057242419bde7f282950325", "trade_id": "0xcb7daa8d0f0d2fe60ce29813b157bae5eea975e51b0577e4bc5d7a4d8cdaca60:100970124797587390863614521085432801335755598263613259311440140109996909390172:1774543539", "side": "buy", "price": 0.51, "size": 4.09, "outcome": "down", "asset": "100970124797587390863614521085432801335755598263613259311440140109996909390172", "transaction_hash": "0xcb7daa8d0f0d2fe60ce29813b157bae5eea975e51b0577e4bc5d7a4d8cdaca60", "source": "polymarket"}
{"timestamp_utc": "2026-03-26T16:45:39Z", "market_key": "SOL5M_2026-03-26T16:50:00Z", "condition_id": "0x82a6cdd0e3ff907d6c79607b4fa4da7adbc35e80a057242419bde7f282950325", "trade_id": "0x4dba8c0e4bc6b7e3707ec806a0d40a72d5cfcba73e172b3aeb0472e61eaca142:100970124797587390863614521085432801335755598263613259311440140109996909390172:1774543539", "side": "buy", "price": 0.51, "size": 18.0, "outcome": "down", "asset": "100970124797587390863614521085432801335755598263613259311440140109996909390172", "transaction_hash": "0x4dba8c0e4bc6b7e3707ec806a0d40a72d5cfcba73e172b3aeb0472e61eaca142", "source": "polymarket"}
{"timestamp_utc": "2026-03-26T16:45:39Z", "market_key": "SOL5M_2026-03-26T16:50:00Z", "condition_id": "0x82a6cdd0e3ff907d6c79607b4fa4da7adbc35e80a057242419bde7f282950325", "trade_id": "0xf28389902dad23e2163550fb1b7375f34dbc36abe82c42e80d4d44b4f0ed354e:100970124797587390863614521085432801335755598263613259311440140109996909390172:1774543539", "side": "buy", "price": 0.5099999914323601, "size": 22.176469, "outcome": "down", "asset": "100970124797587390863614521085432801335755598263613259311440140109996909390172", "transaction_hash": "0xf28389902dad23e2163550fb1b7375f34dbc36abe82c42e80d4d44b4f0ed354e", "source": "polymarket"}
{"timestamp_utc": "2026-03-26T16:45:39Z", "market_key": "SOL5M_2026-03-26T16:50:00Z", "condition_id": "0x82a6cdd0e3ff907d6c79607b4fa4da7adbc35e80a057242419bde7f282950325", "trade_id": "0x503a064c549680628690625b62dc89d75c22c2ff49ea0690f203d39c8b7a1eb0:100970124797587390863614521085432801335755598263613259311440140109996909390172:1774543539", "side": "buy", "price": 0.51, "size": 10.0, "outcome": "down", "asset": "100970124797587390863614521085432801335755598263613259311440140109996909390172", "transaction_hash": "0x503a064c549680628690625b62dc89d75c22c2ff49ea0690f203d39c8b7a1eb0", "source": "polymarket"}
{"timestamp_utc": "2026-03-26T16:45:39Z", "market_key": "SOL5M_2026-03-26T16:50:00Z", "condition_id": "0x82a6cdd0e3ff907d6c79607b4fa4da7adbc35e80a057242419bde7f282950325", "trade_id": "0x1783df82f02cc432aeb5b3b7100ee50c700be8c678ca51c4e96c0c1161f11114:100970124797587390863614521085432801335755598263613259311440140109996909390172:1774543539", "side": "buy", "price": 0.5099999632954433, "size": 5.176469, "outcome": "down", "asset": "100970124797587390863614521085432801335755598263613259311440140109996909390172", "transaction_hash": "0x1783df82f02cc432aeb5b3b7100ee50c700be8c678ca51c4e96c0c1161f11114", "source": "polymarket"}
{"timestamp_utc": "2026-03-26T16:45:39Z", "market_key": "SOL5M_2026-03-26T16:50:00Z", "condition_id": "0x82a6cdd0e3ff907d6c79607b4fa4da7adbc35e80a057242419bde7f282950325", "trade_id": "0xb2eebe9d9190668db99ceeba5b2a4889befd134973a0d04872f970b2a468af47:100970124797587390863614521085432801335755598263613259311440140109996909390172:1774543539", "side": "buy", "price": 0.5, "size": 207.94, "outcome": "down", "asset": "100970124797587390863614521085432801335755598263613259311440140109996909390172", "transaction_hash": "0xb2eebe9d9190668db99ceeba5b2a4889befd134973a0d04872f970b2a468af47", "source": "polymarket"}
{"timestamp_utc": "2026-03-26T16:45:39Z", "market_key": "SOL5M_2026-03-26T16:50:00Z", "condition_id": "0x82a6cdd0e3ff907d6c79607b4fa4da7adbc35e80a057242419bde7f282950325", "trade_id": "0xd5751da022aacc10cb9d2af1f56085c1c68fd769a806b0d934d153371d1b0d68:100970124797587390863614521085432801335755598263613259311440140109996909390172:1774543539", "side": "buy", "price": 0.5099999934254132, "size": 10.647057, "outcome": "down", "asset": "100970124797587390863614521085432801335755598263613259311440140109996909390172", "transaction_hash": "0xd5751da022aacc10cb9d2af1f56085c1c68fd769a806b0d934d153371d1b0d68", "source": "polymarket"}
{"timestamp_utc": "2026-03-26T16:45:39Z", "market_key": "SOL5M_2026-03-26T16:50:00Z", "condition_id": "0x82a6cdd0e3ff907d6c79607b4fa4da7adbc35e80a057242419bde7f282950325", "trade_id": "0x4159a1b299425a2533093e87698b87827e584dcd2f29fab35e9a34a03962fde5:100970124797587390863614521085432801335755598263613259311440140109996909390172:1774543539", "side": "buy", "price": 0.51, "size": 15.0, "outcome": "down", "asset": "100970124797587390863614521085432801335755598263613259311440140109996909390172", "transaction_hash": "0x4159a1b299425a2533093e87698b87827e584dcd2f29fab35e9a34a03962fde5", "source": "polymarket"}
{"timestamp_utc": "2026-03-26T16:45:39Z", "market_key": "SOL5M_2026-03-26T16:50:00Z", "condition_id": "0x82a6cdd0e3ff907d6c79607b4fa4da7adbc35e80a057242419bde7f282950325", "trade_id": "0x12093a20e535cfa6d950ac38ceba9212d5a3d1e9c7b0a758a4247b2efaaa34ca:100970124797587390863614521085432801335755598263613259311440140109996909390172:1774543539", "side": "buy", "price": 0.51, "size": 15.0, "outcome": "down", "asset": "100970124797587390863614521085432801335755598263613259311440140109996909390172", "transaction_hash": "0x12093a20e535cfa6d950ac38ceba9212d5a3d1e9c7b0a758a4247b2efaaa34ca", "source": "polymarket"}
{"timestamp_utc": "2026-03-26T16:45:39Z", "market_key": "SOL5M_2026-03-26T16:50:00Z", "condition_id": "0x82a6cdd0e3ff907d6c79607b4fa4da7adbc35e80a057242419bde7f282950325", "trade_id": "0xe8a15812b516884972ba451320dffe8499fda445e505693f1367aa255b1c8b86:100970124797587390863614521085432801335755598263613259311440140109996909390172:1774543539", "side": "buy", "price": 0.51, "size": 15.0, "outcome": "down", "asset": "100970124797587390863614521085432801335755598263613259311440140109996909390172", "transaction_hash": "0xe8a15812b516884972ba451320dffe8499fda445e505693f1367aa255b1c8b86", "source": "polymarket"}
{"timestamp_utc": "2026-03-26T16:45:39Z", "market_key": "SOL5M_2026-03-26T16:50:00Z", "condition_id": "0x82a6cdd0e3ff907d6c79607b4fa4da7adbc35e80a057242419bde7f282950325", "trade_id": "0x2188ca5a2b4751dcbbab0e94488795695e5a36ce8be8b99a11b1c40457760289:100970124797587390863614521085432801335755598263613259311440140109996909390172:1774543539", "side": "buy", "price": 0.5, "size": 18.0, "outcome": "down", "asset": "100970124797587390863614521085432801335755598263613259311440140109996909390172", "transaction_hash": "0x2188ca5a2b4751dcbbab0e94488795695e5a36ce8be8b99a11b1c40457760289", "source": "polymarket"}
{"timestamp_utc": "2026-03-26T16:45:39Z", "market_key": "SOL5M_2026-03-26T16:50:00Z", "condition_id": "0x82a6cdd0e3ff907d6c79607b4fa4da7adbc35e80a057242419bde7f282950325", "trade_id": "0x736d215587a92c791b1b84d61beda5a16e4fe55628736b54d88c9ff61f944bc2:100970124797587390863614521085432801335755598263613259311440140109996909390172:1774543539", "side": "buy", "price": 0.5, "size": 19.76, "outcome": "down", "asset": "100970124797587390863614521085432801335755598263613259311440140109996909390172", "transaction_hash": "0x736d215587a92c791b1b84d61beda5a16e4fe55628736b54d88c9ff61f944bc2", "source": "polymarket"}
{"timestamp_utc": "2026-03-26T16:45:39Z", "market_key": "SOL5M_2026-03-26T16:50:00Z", "condition_id": "0x82a6cdd0e3ff907d6c79607b4fa4da7adbc35e80a057242419bde7f282950325", "trade_id": "0xc18a22cdbd5848fdf0972c38b5b46499af0c45297902aa17845f1dcdfb5d3d9a:100970124797587390863614521085432801335755598263613259311440140109996909390172:1774543539", "side": "buy", "price": 0.5, "size": 32.0, "outcome": "down", "asset": "100970124797587390863614521085432801335755598263613259311440140109996909390172", "transaction_hash": "0xc18a22cdbd5848fdf0972c38b5b46499af0c45297902aa17845f1dcdfb5d3d9a", "source": "polymarket"}
{"timestamp_utc": "2026-03-26T16:45:39Z", "market_key": "SOL5M_2026-03-26T16:50:00Z", "condition_id": "0x82a6cdd0e3ff907d6c79607b4fa4da7adbc35e80a057242419bde7f282950325", "trade_id": "0xfcb6a77df5bb0ac0650c7b06bde25a609f756895b3c10da423f3ef80e27d7d9f:100970124797587390863614521085432801335755598263613259311440140109996909390172:1774543539", "side": "buy", "price": 0.5, "size": 15.0, "outcome": "down", "asset": "100970124797587390863614521085432801335755598263613259311440140109996909390172", "transaction_hash": "0xfcb6a77df5bb0ac0650c7b06bde25a609f756895b3c10da423f3ef80e27d7d9f", "source": "polymarket"}
{"timestamp_utc": "2026-03-26T16:45:39Z", "market_key": "SOL5M_2026-03-26T16:50:00Z", "condition_id": "0x82a6cdd0e3ff907d6c79607b4fa4da7adbc35e80a057242419bde7f282950325", "trade_id": "0x7114188f085287a2a4b2a9e2a3f3fe62a104541d06e234e3ab6bc8dcebb87e08:100970124797587390863614521085432801335755598263613259311440140109996909390172:1774543539", "side": "buy", "price": 0.5, "size": 11.2, "outcome": "down", "asset": "100970124797587390863614521085432801335755598263613259311440140109996909390172", "transaction_hash": "0x7114188f085287a2a4b2a9e2a3f3fe62a104541d06e234e3ab6bc8dcebb87e08", "source": "polymarket"}
{"timestamp_utc": "2026-03-26T16:45:39Z", "market_key": "SOL5M_2026-03-26T16:50:00Z", "condition_id": "0x82a6cdd0e3ff907d6c79607b4fa4da7adbc35e80a057242419bde7f282950325", "trade_id": "0x0a346cd99c081ff934b6fd7459e0498f481d09e5284f6e3648f90fb5186a587d:100970124797587390863614521085432801335755598263613259311440140109996909390172:1774543539", "side": "buy", "price": 0.5, "size": 15.0, "outcome": "down", "asset": "100970124797587390863614521085432801335755598263613259311440140109996909390172", "transaction_hash": "0x0a346cd99c081ff934b6fd7459e0498f481d09e5284f6e3648f90fb5186a587d", "source": "polymarket"}
{"timestamp_utc": "2026-03-26T16:45:39Z", "market_key": "SOL5M_2026-03-26T16:50:00Z", "condition_id": "0x82a6cdd0e3ff907d6c79607b4fa4da7adbc35e80a057242419bde7f282950325", "trade_id": "0x98db2088ae99c87e60bddce86b4bc023036fa022ef05d96fead02e587bb490e0:100970124797587390863614521085432801335755598263613259311440140109996909390172:1774543539", "side": "buy", "price": 0.5, "size": 9.9, "outcome": "down", "asset": "100970124797587390863614521085432801335755598263613259311440140109996909390172", "transaction_hash": "0x98db2088ae99c87e60bddce86b4bc023036fa022ef05d96fead02e587bb490e0", "source": "polymarket"}
{"timestamp_utc": "2026-03-26T16:45:41Z", "market_key": "SOL5M_2026-03-26T16:50:00Z", "condition_id": "0x82a6cdd0e3ff907d6c79607b4fa4da7adbc35e80a057242419bde7f282950325", "trade_id": "0x750f754d020603fd36dbc7fbedeb166fe9aaf2d0d39e5d7431a21cc946e9c22b:100970124797587390863614521085432801335755598263613259311440140109996909390172:1774543541", "side": "buy", "price": 0.5628927634999771, "size": 7.035086, "outcome": "down", "asset": "100970124797587390863614521085432801335755598263613259311440140109996909390172", "transaction_hash": "0x750f754d020603fd36dbc7fbedeb166fe9aaf2d0d39e5d7431a21cc946e9c22b", "source": "polymarket"}
{"timestamp_utc": "2026-03-26T16:45:41Z", "market_key": "SOL5M_2026-03-26T16:50:00Z", "condition_id": "0x82a6cdd0e3ff907d6c79607b4fa4da7adbc35e80a057242419bde7f282950325", "trade_id": "0xc6c21e2c1f68da61f4232cad64f95fde9af051c255ec4078394bca519246e110:6926493262649465829799965258765980138337165143839263686418688609738274123094:1774543541", "side": "buy", "price": 0.4499999316109319, "size": 7.31111, "outcome": "up", "asset": "6926493262649465829799965258765980138337165143839263686418688609738274123094", "transaction_hash": "0xc6c21e2c1f68da61f4232cad64f95fde9af051c255ec4078394bca519246e110", "source": "polymarket"}
{"timestamp_utc": "2026-03-26T16:45:41Z", "market_key": "SOL5M_2026-03-26T16:50:00Z", "condition_id": "0x82a6cdd0e3ff907d6c79607b4fa4da7adbc35e80a057242419bde7f282950325", "trade_id": "0xac2ce8197ba47c302416e1ea3db6ecc5a83de9f56af5bf9c4d77593d919a13fa:6926493262649465829799965258765980138337165143839263686418688609738274123094:1774543541", "side": "buy", "price": 0.46, "size": 5.0, "outcome": "up", "asset": "6926493262649465829799965258765980138337165143839263686418688609738274123094", "transaction_hash": "0xac2ce8197ba47c302416e1ea3db6ecc5a83de9f56af5bf9c4d77593d919a13fa", "source": "polymarket"}
{"timestamp_utc": "2026-03-26T16:45:41Z", "market_key": "SOL5M_2026-03-26T16:50:00Z", "condition_id": "0x82a6cdd0e3ff907d6c79607b4fa4da7adbc35e80a057242419bde7f282950325", "trade_id": "0x8ac5f40cac69136275d35dff0f601aa4afb9bd096d2daf78b659c945ba13eac1:100970124797587390863614521085432801335755598263613259311440140109996909390172:1774543541", "side": "buy", "price": 0.55, "size": 5.0, "outcome": "down", "asset": "100970124797587390863614521085432801335755598263613259311440140109996909390172", "transaction_hash": "0x8ac5f40cac69136275d35dff0f601aa4afb9bd096d2daf78b659c945ba13eac1", "source": "polymarket"}
{"timestamp_utc": "2026-03-26T16:45:43Z", "market_key": "SOL5M_2026-03-26T16:50:00Z", "condition_id": "0x82a6cdd0e3ff907d6c79607b4fa4da7adbc35e80a057242419bde7f282950325", "trade_id": "0x28c78aab927e67857efa6b2cc6e5b5b730e7cef8266e3ff2541a0442569a83ba:6926493262649465829799965258765980138337165143839263686418688609738274123094:1774543543", "side": "sell", "price": 0.4, "size": 5.92, "outcome": "up", "asset": "6926493262649465829799965258765980138337165143839263686418688609738274123094", "transaction_hash": "0x28c78aab927e67857efa6b2cc6e5b5b730e7cef8266e3ff2541a0442569a83ba", "source": "polymarket"}
{"timestamp_utc": "2026-03-26T16:45:43Z", "market_key": "SOL5M_2026-03-26T16:50:00Z", "condition_id": "0x82a6cdd0e3ff907d6c79607b4fa4da7adbc35e80a057242419bde7f282950325", "trade_id": "0x1474b791bba55daf71e771add4b63aa209b415f9fa2c839b5030dfd69da8d55d:6926493262649465829799965258765980138337165143839263686418688609738274123094:1774543543", "side": "buy", "price": 0.42, "size": 5.88, "outcome": "up", "asset": "6926493262649465829799965258765980138337165143839263686418688609738274123094", "transaction_hash": "0x1474b791bba55daf71e771add4b63aa209b415f9fa2c839b5030dfd69da8d55d", "source": "polymarket"}
{"timestamp_utc": "2026-03-26T16:45:43Z", "market_key": "SOL5M_2026-03-26T16:50:00Z", "condition_id": "0x82a6cdd0e3ff907d6c79607b4fa4da7adbc35e80a057242419bde7f282950325", "trade_id": "0x6c40f451648320e128d066e356b14334eb09c5e05238c18b18cfa49d21781eb3:100970124797587390863614521085432801335755598263613259311440140109996909390172:1774543543", "side": "sell", "price": 0.59, "size": 1.78, "outcome": "down", "asset": "100970124797587390863614521085432801335755598263613259311440140109996909390172", "transaction_hash": "0x6c40f451648320e128d066e356b14334eb09c5e05238c18b18cfa49d21781eb3", "source": "polymarket"}
{"timestamp_utc": "2026-03-26T16:45:43Z", "market_key": "SOL5M_2026-03-26T16:50:00Z", "condition_id": "0x82a6cdd0e3ff907d6c79607b4fa4da7adbc35e80a057242419bde7f282950325", "trade_id": "0x57459ec683805206a324bfbcd364e0ad04ae454d9ca750e33e041d5287c46b7d:6926493262649465829799965258765980138337165143839263686418688609738274123094:1774543543", "side": "buy", "price": 0.41, "size": 13.69, "outcome": "up", "asset": "6926493262649465829799965258765980138337165143839263686418688609738274123094", "transaction_hash": "0x57459ec683805206a324bfbcd364e0ad04ae454d9ca750e33e041d5287c46b7d", "source": "polymarket"}
{"timestamp_utc": "2026-03-26T16:45:43Z", "market_key": "SOL5M_2026-03-26T16:50:00Z", "condition_id": "0x82a6cdd0e3ff907d6c79607b4fa4da7adbc35e80a057242419bde7f282950325", "trade_id": "0xfa5ba0bc40ad6e405500c2098b3d8cedf40188cd09b9e2aff6fd8697ce88eea2:6926493262649465829799965258765980138337165143839263686418688609738274123094:1774543543", "side": "buy", "price": 0.41, "size": 15.0, "outcome": "up", "asset": "6926493262649465829799965258765980138337165143839263686418688609738274123094", "transaction_hash": "0xfa5ba0bc40ad6e405500c2098b3d8cedf40188cd09b9e2aff6fd8697ce88eea2", "source": "polymarket"}
{"timestamp_utc": "2026-03-26T16:45:45Z", "market_key": "SOL5M_2026-03-26T16:50:00Z", "condition_id": "0x82a6cdd0e3ff907d6c79607b4fa4da7adbc35e80a057242419bde7f282950325", "trade_id": "0x7f8ed3155c4d6e003acface44ceac8509c29b78605d164fe77268b260e52533d:6926493262649465829799965258765980138337165143839263686418688609738274123094:1774543545", "side": "sell", "price": 0.4, "size": 15.0, "outcome": "up", "asset": "6926493262649465829799965258765980138337165143839263686418688609738274123094", "transaction_hash": "0x7f8ed3155c4d6e003acface44ceac8509c29b78605d164fe77268b260e52533d", "source": "polymarket"}
{"timestamp_utc": "2026-03-26T16:45:45Z", "market_key": "SOL5M_2026-03-26T16:50:00Z", "condition_id": "0x82a6cdd0e3ff907d6c79607b4fa4da7adbc35e80a057242419bde7f282950325", "trade_id": "0x413928fed79caaf4438ecb76d47576b725e6cca5307633202a145b8e4532a1ef:6926493262649465829799965258765980138337165143839263686418688609738274123094:1774543545", "side": "sell", "price": 0.41, "size": 5.0, "outcome": "up", "asset": "6926493262649465829799965258765980138337165143839263686418688609738274123094", "transaction_hash": "0x413928fed79caaf4438ecb76d47576b725e6cca5307633202a145b8e4532a1ef", "source": "polymarket"}
{"timestamp_utc": "2026-03-26T16:45:45Z", "market_key": "SOL5M_2026-03-26T16:50:00Z", "condition_id": "0x82a6cdd0e3ff907d6c79607b4fa4da7adbc35e80a057242419bde7f282950325", "trade_id": "0xcfc2d0ba1e05c35a0cbcd9fa6ba08b0adff0ddac8feb4b14625ab74798d21ae7:100970124797587390863614521085432801335755598263613259311440140109996909390172:1774543545", "side": "buy", "price": 0.6, "size": 11.666665, "outcome": "down", "asset": "100970124797587390863614521085432801335755598263613259311440140109996909390172", "transaction_hash": "0xcfc2d0ba1e05c35a0cbcd9fa6ba08b0adff0ddac8feb4b14625ab74798d21ae7", "source": "polymarket"}
{"timestamp_utc": "2026-03-26T16:45:47Z", "market_key": "SOL5M_2026-03-26T16:50:00Z", "condition_id": "0x82a6cdd0e3ff907d6c79607b4fa4da7adbc35e80a057242419bde7f282950325", "trade_id": "0x028b029ebff2ab474a6987bb61ffeb2fb376e7fc37abc3ff65e42db39158306f:100970124797587390863614521085432801335755598263613259311440140109996909390172:1774543547", "side": "buy", "price": 0.65, "size": 1.53846, "outcome": "down", "asset": "100970124797587390863614521085432801335755598263613259311440140109996909390172", "transaction_hash": "0x028b029ebff2ab474a6987bb61ffeb2fb376e7fc37abc3ff65e42db39158306f", "source": "polymarket"}
{"timestamp_utc": "2026-03-26T16:45:47Z", "market_key": "SOL5M_2026-03-26T16:50:00Z", "condition_id": "0x82a6cdd0e3ff907d6c79607b4fa4da7adbc35e80a057242419bde7f282950325", "trade_id": "0x62aa6cd4a16164a75c47da04846c8d3613e758ca2f0472bfaafdbf5184cd7401:100970124797587390863614521085432801335755598263613259311440140109996909390172:1774543547", "side": "buy", "price": 0.6454816278690675, "size": 77.461537, "outcome": "down", "asset": "100970124797587390863614521085432801335755598263613259311440140109996909390172", "transaction_hash": "0x62aa6cd4a16164a75c47da04846c8d3613e758ca2f0472bfaafdbf5184cd7401", "source": "polymarket"}
{"timestamp_utc": "2026-03-26T16:45:47Z", "market_key": "SOL5M_2026-03-26T16:50:00Z", "condition_id": "0x82a6cdd0e3ff907d6c79607b4fa4da7adbc35e80a057242419bde7f282950325", "trade_id": "0x47b73b2c9f9a70fc4fb8b7b6b4f9637f33f59c0a873837fa13c4f7c087a140e2:6926493262649465829799965258765980138337165143839263686418688609738274123094:1774543547", "side": "buy", "price": 0.36, "size": 5.0, "outcome": "up", "asset": "6926493262649465829799965258765980138337165143839263686418688609738274123094", "transaction_hash": "0x47b73b2c9f9a70fc4fb8b7b6b4f9637f33f59c0a873837fa13c4f7c087a140e2", "source": "polymarket"}
{"timestamp_utc": "2026-03-26T16:45:47Z", "market_key": "SOL5M_2026-03-26T16:50:00Z", "condition_id": "0x82a6cdd0e3ff907d6c79607b4fa4da7adbc35e80a057242419bde7f282950325", "trade_id": "0x01b694413db71b6ad23940dafb15b55a200c87bbcea6cd0da760f0deba14318b:6926493262649465829799965258765980138337165143839263686418688609738274123094:1774543547", "side": "buy", "price": 0.355, "size": 10.0, "outcome": "up", "asset": "6926493262649465829799965258765980138337165143839263686418688609738274123094", "transaction_hash": "0x01b694413db71b6ad23940dafb15b55a200c87bbcea6cd0da760f0deba14318b", "source": "polymarket"}
{"timestamp_utc": "2026-03-26T16:45:47Z", "market_key": "SOL5M_2026-03-26T16:50:00Z", "condition_id": "0x82a6cdd0e3ff907d6c79607b4fa4da7adbc35e80a057242419bde7f282950325", "trade_id": "0x0158ee67f2e8dcc5e1b75538429339af7dde981aba3ebedd93f5813f2ace6f4f:100970124797587390863614521085432801335755598263613259311440140109996909390172:1774543547", "side": "buy", "price": 0.6337393903720546, "size": 80.348482, "outcome": "down", "asset": "100970124797587390863614521085432801335755598263613259311440140109996909390172", "transaction_hash": "0x0158ee67f2e8dcc5e1b75538429339af7dde981aba3ebedd93f5813f2ace6f4f", "source": "polymarket"}
{"timestamp_utc": "2026-03-26T16:45:47Z", "market_key": "SOL5M_2026-03-26T16:50:00Z", "condition_id": "0x82a6cdd0e3ff907d6c79607b4fa4da7adbc35e80a057242419bde7f282950325", "trade_id": "0xa7a12570c890cf7641d2a47e41ed853f15ae951018d2a0bb151fb50e952959e6:6926493262649465829799965258765980138337165143839263686418688609738274123094:1774543547", "side": "sell", "price": 0.34, "size": 18.36, "outcome": "up", "asset": "6926493262649465829799965258765980138337165143839263686418688609738274123094", "transaction_hash": "0xa7a12570c890cf7641d2a47e41ed853f15ae951018d2a0bb151fb50e952959e6", "source": "polymarket"}
{"timestamp_utc": "2026-03-26T16:45:47Z", "market_key": "SOL5M_2026-03-26T16:50:00Z", "condition_id": "0x82a6cdd0e3ff907d6c79607b4fa4da7adbc35e80a057242419bde7f282950325", "trade_id": "0x363366f01dc10e84fdaa05f17d9068b7d479781c321a8cfffda91fbaad4d3924:6926493262649465829799965258765980138337165143839263686418688609738274123094:1774543547", "side": "buy", "price": 0.37, "size": 5.0, "outcome": "up", "asset": "6926493262649465829799965258765980138337165143839263686418688609738274123094", "transaction_hash": "0x363366f01dc10e84fdaa05f17d9068b7d479781c321a8cfffda91fbaad4d3924", "source": "polymarket"}
{"timestamp_utc": "2026-03-26T16:45:49Z", "market_key": "SOL5M_2026-03-26T16:50:00Z", "condition_id": "0x82a6cdd0e3ff907d6c79607b4fa4da7adbc35e80a057242419bde7f282950325", "trade_id": "0x228f1671f62c79476222381324a0392b64c2f5b0b614d1b5632e51723cd2779f:100970124797587390863614521085432801335755598263613259311440140109996909390172:1774543549", "side": "buy", "price": 0.64, "size": 5.0, "outcome": "down", "asset": "100970124797587390863614521085432801335755598263613259311440140109996909390172", "transaction_hash": "0x228f1671f62c79476222381324a0392b64c2f5b0b614d1b5632e51723cd2779f", "source": "polymarket"}
{"timestamp_utc": "2026-03-26T16:45:49Z", "market_key": "SOL5M_2026-03-26T16:50:00Z", "condition_id": "0x82a6cdd0e3ff907d6c79607b4fa4da7adbc35e80a057242419bde7f282950325", "trade_id": "0xa606b0fbb440c99a71892dcecb90d5b113a4788fed7f7c82f021708072e11666:6926493262649465829799965258765980138337165143839263686418688609738274123094:1774543549", "side": "buy", "price": 0.35, "size": 15.0, "outcome": "up", "asset": "6926493262649465829799965258765980138337165143839263686418688609738274123094", "transaction_hash": "0xa606b0fbb440c99a71892dcecb90d5b113a4788fed7f7c82f021708072e11666", "source": "polymarket"}
{"timestamp_utc": "2026-03-26T16:45:49Z", "market_key": "SOL5M_2026-03-26T16:50:00Z", "condition_id": "0x82a6cdd0e3ff907d6c79607b4fa4da7adbc35e80a057242419bde7f282950325", "trade_id": "0xccbbc92572dd5a8e1b6edd765f67cb1e970534a5d2816b5db5487a1173efb55c:100970124797587390863614521085432801335755598263613259311440140109996909390172:1774543549", "side": "buy", "price": 0.6440801259650698, "size": 8.446151, "outcome": "down", "asset": "100970124797587390863614521085432801335755598263613259311440140109996909390172", "transaction_hash": "0xccbbc92572dd5a8e1b6edd765f67cb1e970534a5d2816b5db5487a1173efb55c", "source": "polymarket"}
{"timestamp_utc": "2026-03-26T16:45:49Z", "market_key": "SOL5M_2026-03-26T16:50:00Z", "condition_id": "0x82a6cdd0e3ff907d6c79607b4fa4da7adbc35e80a057242419bde7f282950325", "trade_id": "0xf8c141dc9350762a273a2c54cfa494b7baf283b18624bee81b3f0942cf442ac2:6926493262649465829799965258765980138337165143839263686418688609738274123094:1774543549", "side": "buy", "price": 0.36999986309991373, "size": 2.702701, "outcome": "up", "asset": "6926493262649465829799965258765980138337165143839263686418688609738274123094", "transaction_hash": "0xf8c141dc9350762a273a2c54cfa494b7baf283b18624bee81b3f0942cf442ac2", "source": "polymarket"}
{"timestamp_utc": "2026-03-26T16:45:51Z", "market_key": "SOL5M_2026-03-26T16:50:00Z", "condition_id": "0x82a6cdd0e3ff907d6c79607b4fa4da7adbc35e80a057242419bde7f282950325", "trade_id": "0x65a3dd5485acfe1c014b6446991f9a7fd8f4193e76646145f2c0655728d638b3:100970124797587390863614521085432801335755598263613259311440140109996909390172:1774543551", "side": "buy", "price": 0.6499999449152356, "size": 3.630768, "outcome": "down", "asset": "100970124797587390863614521085432801335755598263613259311440140109996909390172", "transaction_hash": "0x65a3dd5485acfe1c014b6446991f9a7fd8f4193e76646145f2c0655728d638b3", "source": "polymarket"}
{"timestamp_utc": "2026-03-26T16:45:51Z", "market_key": "SOL5M_2026-03-26T16:50:00Z", "condition_id": "0x82a6cdd0e3ff907d6c79607b4fa4da7adbc35e80a057242419bde7f282950325", "trade_id": "0x97f4b0c1a24197a25777416d635bd568660f09f96ab9bf55526fcec439d13fd0:100970124797587390863614521085432801335755598263613259311440140109996909390172:1774543551", "side": "buy", "price": 0.6599999781617614, "size": 8.242423, "outcome": "down", "asset": "100970124797587390863614521085432801335755598263613259311440140109996909390172", "transaction_hash": "0x97f4b0c1a24197a25777416d635bd568660f09f96ab9bf55526fcec439d13fd0", "source": "polymarket"}
{"timestamp_utc": "2026-03-26T16:45:51Z", "market_key": "SOL5M_2026-03-26T16:50:00Z", "condition_id": "0x82a6cdd0e3ff907d6c79607b4fa4da7adbc35e80a057242419bde7f282950325", "trade_id": "0x4c39004337d85ff2a6f0ed4d282c79d02942211b7cb3e6765c27d274943fd693:6926493262649465829799965258765980138337165143839263686418688609738274123094:1774543551", "side": "buy", "price": 0.36, "size": 5.0, "outcome": "up", "asset": "6926493262649465829799965258765980138337165143839263686418688609738274123094", "transaction_hash": "0x4c39004337d85ff2a6f0ed4d282c79d02942211b7cb3e6765c27d274943fd693", "source": "polymarket"}
{"timestamp_utc": "2026-03-26T16:45:51Z", "market_key": "SOL5M_2026-03-26T16:50:00Z", "condition_id": "0x82a6cdd0e3ff907d6c79607b4fa4da7adbc35e80a057242419bde7f282950325", "trade_id": "0x8a7260d54dde9ec26c282f519b06caa23cdd1d09f7bd3d857647686c4141c231:100970124797587390863614521085432801335755598263613259311440140109996909390172:1774543551", "side": "buy", "price": 0.65, "size": 1.53846, "outcome": "down", "asset": "100970124797587390863614521085432801335755598263613259311440140109996909390172", "transaction_hash": "0x8a7260d54dde9ec26c282f519b06caa23cdd1d09f7bd3d857647686c4141c231", "source": "polymarket"}
{"timestamp_utc": "2026-03-26T16:45:51Z", "market_key": "SOL5M_2026-03-26T16:50:00Z", "condition_id": "0x82a6cdd0e3ff907d6c79607b4fa4da7adbc35e80a057242419bde7f282950325", "trade_id": "0x5c09992e0c90b506a4adeb150b90d3c8e7682e7df4159674fe86d531ac9383bb:100970124797587390863614521085432801335755598263613259311440140109996909390172:1774543551", "side": "buy", "price": 0.6440801259650698, "size": 8.446151, "outcome": "down", "asset": "100970124797587390863614521085432801335755598263613259311440140109996909390172", "transaction_hash": "0x5c09992e0c90b506a4adeb150b90d3c8e7682e7df4159674fe86d531ac9383bb", "source": "polymarket"}
{"timestamp_utc": "2026-03-26T16:45:51Z", "market_key": "SOL5M_2026-03-26T16:50:00Z", "condition_id": "0x82a6cdd0e3ff907d6c79607b4fa4da7adbc35e80a057242419bde7f282950325", "trade_id": "0x5d95c3d4dfcbc2b345f09fa484c19a39926dfa5456aa30d52f65e6538a36f799:100970124797587390863614521085432801335755598263613259311440140109996909390172:1774543551", "side": "buy", "price": 0.6440801259650698, "size": 8.446151, "outcome": "down", "asset": "100970124797587390863614521085432801335755598263613259311440140109996909390172", "transaction_hash": "0x5d95c3d4dfcbc2b345f09fa484c19a39926dfa5456aa30d52f65e6538a36f799", "source": "polymarket"}
{"timestamp_utc": "2026-03-26T16:45:51Z", "market_key": "SOL5M_2026-03-26T16:50:00Z", "condition_id": "0x82a6cdd0e3ff907d6c79607b4fa4da7adbc35e80a057242419bde7f282950325", "trade_id": "0x612dc89988440c16813ba842a60a70dd13737d4af4664eec8c88407a7bf38f8b:100970124797587390863614521085432801335755598263613259311440140109996909390172:1774543551", "side": "buy", "price": 0.6599999781617614, "size": 8.242423, "outcome": "down", "asset": "100970124797587390863614521085432801335755598263613259311440140109996909390172", "transaction_hash": "0x612dc89988440c16813ba842a60a70dd13737d4af4664eec8c88407a7bf38f8b", "source": "polymarket"}
{"timestamp_utc": "2026-03-26T16:45:53Z", "market_key": "SOL5M_2026-03-26T16:50:00Z", "condition_id": "0x82a6cdd0e3ff907d6c79607b4fa4da7adbc35e80a057242419bde7f282950325", "trade_id": "0x5d4b331f09a45c04505fd54fdc82ec028c9c25d1010f284bb27a567ccca1b76b:100970124797587390863614521085432801335755598263613259311440140109996909390172:1774543553", "side": "buy", "price": 0.6440801259650698, "size": 8.446151, "outcome": "down", "asset": "100970124797587390863614521085432801335755598263613259311440140109996909390172", "transaction_hash": "0x5d4b331f09a45c04505fd54fdc82ec028c9c25d1010f284bb27a567ccca1b76b", "source": "polymarket"}
{"timestamp_utc": "2026-03-26T16:45:53Z", "market_key": "SOL5M_2026-03-26T16:50:00Z", "condition_id": "0x82a6cdd0e3ff907d6c79607b4fa4da7adbc35e80a057242419bde7f282950325", "trade_id": "0xc95f821c9eb0c54e29d1f575834edcfec4dfb518efac1727f1e59e76040a414e:6926493262649465829799965258765980138337165143839263686418688609738274123094:1774543553", "side": "buy", "price": 0.36393435980649363, "size": 8.243242, "outcome": "up", "asset": "6926493262649465829799965258765980138337165143839263686418688609738274123094", "transaction_hash": "0xc95f821c9eb0c54e29d1f575834edcfec4dfb518efac1727f1e59e76040a414e", "source": "polymarket"}
{"timestamp_utc": "2026-03-26T16:45:55Z", "market_key": "SOL5M_2026-03-26T16:50:00Z", "condition_id": "0x82a6cdd0e3ff907d6c79607b4fa4da7adbc35e80a057242419bde7f282950325", "trade_id": "0x769fdfa3f50be9b8511aa65af665f80b4ab186c31525fb90f611b977d9753b7e:100970124797587390863614521085432801335755598263613259311440140109996909390172:1774543555", "side": "buy", "price": 0.6487827642002972, "size": 41.076922, "outcome": "down", "asset": "100970124797587390863614521085432801335755598263613259311440140109996909390172", "transaction_hash": "0x769fdfa3f50be9b8511aa65af665f80b4ab186c31525fb90f611b977d9753b7e", "source": "polymarket"}
{"timestamp_utc": "2026-03-26T16:45:55Z", "market_key": "SOL5M_2026-03-26T16:50:00Z", "condition_id": "0x82a6cdd0e3ff907d6c79607b4fa4da7adbc35e80a057242419bde7f282950325", "trade_id": "0x34594d031c539381cb18f383c9e732d01973b1aa67b79d6f59b544e643ce984b:100970124797587390863614521085432801335755598263613259311440140109996909390172:1774543555", "side": "buy", "price": 0.5983498152359753, "size": 7.453832, "outcome": "down", "asset": "100970124797587390863614521085432801335755598263613259311440140109996909390172", "transaction_hash": "0x34594d031c539381cb18f383c9e732d01973b1aa67b79d6f59b544e643ce984b", "source": "polymarket"}
{"timestamp_utc": "2026-03-26T16:45:55Z", "market_key": "SOL5M_2026-03-26T16:50:00Z", "condition_id": "0x82a6cdd0e3ff907d6c79607b4fa4da7adbc35e80a057242419bde7f282950325", "trade_id": "0x0483b74caca7fea94464754db1a698548cec2a44923003c2cd7d08b75ab6d5fd:6926493262649465829799965258765980138337165143839263686418688609738274123094:1774543555", "side": "buy", "price": 0.4494117889071668, "size": 159.252607, "outcome": "up", "asset": "6926493262649465829799965258765980138337165143839263686418688609738274123094", "transaction_hash": "0x0483b74caca7fea94464754db1a698548cec2a44923003c2cd7d08b75ab6d5fd", "source": "polymarket"}
{"timestamp_utc": "2026-03-26T16:45:55Z", "market_key": "SOL5M_2026-03-26T16:50:00Z", "condition_id": "0x82a6cdd0e3ff907d6c79607b4fa4da7adbc35e80a057242419bde7f282950325", "trade_id": "0x0e57cf2a821c7b23b772ffcfa5a96a74fc071f5ed76b99c2a60db5c9e91751ad:6926493262649465829799965258765980138337165143839263686418688609738274123094:1774543555", "side": "buy", "price": 0.38981237263481455, "size": 17.00818, "outcome": "up", "asset": "6926493262649465829799965258765980138337165143839263686418688609738274123094", "transaction_hash": "0x0e57cf2a821c7b23b772ffcfa5a96a74fc071f5ed76b99c2a60db5c9e91751ad", "source": "polymarket"}
{"timestamp_utc": "2026-03-26T16:45:55Z", "market_key": "SOL5M_2026-03-26T16:50:00Z", "condition_id": "0x82a6cdd0e3ff907d6c79607b4fa4da7adbc35e80a057242419bde7f282950325", "trade_id": "0xb9e0abd55f241771c34d9914871a3483baea080beca1d818721bd61793ac2938:100970124797587390863614521085432801335755598263613259311440140109996909390172:1774543555", "side": "buy", "price": 0.55, "size": 5.0, "outcome": "down", "asset": "100970124797587390863614521085432801335755598263613259311440140109996909390172", "transaction_hash": "0xb9e0abd55f241771c34d9914871a3483baea080beca1d818721bd61793ac2938", "source": "polymarket"}
{"timestamp_utc": "2026-03-26T16:45:55Z", "market_key": "SOL5M_2026-03-26T16:50:00Z", "condition_id": "0x82a6cdd0e3ff907d6c79607b4fa4da7adbc35e80a057242419bde7f282950325", "trade_id": "0xb3bad8c498a0c6cc43477ffb0dcd5395c324e3872c25f2f9d8ca9d3415ec237d:100970124797587390863614521085432801335755598263613259311440140109996909390172:1774543555", "side": "buy", "price": 0.5899999803333298, "size": 15.762709, "outcome": "down", "asset": "100970124797587390863614521085432801335755598263613259311440140109996909390172", "transaction_hash": "0xb3bad8c498a0c6cc43477ffb0dcd5395c324e3872c25f2f9d8ca9d3415ec237d", "source": "polymarket"}
{"timestamp_utc": "2026-03-26T16:45:55Z", "market_key": "SOL5M_2026-03-26T16:50:00Z", "condition_id": "0x82a6cdd0e3ff907d6c79607b4fa4da7adbc35e80a057242419bde7f282950325", "trade_id": "0x81e5630e9a4b3e5ba79d1e12646d24bb12506ae5c75d9c9e83ccfdedc99d979b:6926493262649465829799965258765980138337165143839263686418688609738274123094:1774543555", "side": "buy", "price": 0.4599999739797942, "size": 10.760868, "outcome": "up", "asset": "6926493262649465829799965258765980138337165143839263686418688609738274123094", "transaction_hash": "0x81e5630e9a4b3e5ba79d1e12646d24bb12506ae5c75d9c9e83ccfdedc99d979b", "source": "polymarket"}
{"timestamp_utc": "2026-03-26T16:45:55Z", "market_key": "SOL5M_2026-03-26T16:50:00Z", "condition_id": "0x82a6cdd0e3ff907d6c79607b4fa4da7adbc35e80a057242419bde7f282950325", "trade_id": "0x48afd48fa0076c827e9ff9bce7fbc891951770c059f94a42c523454ab2060e9e:6926493262649465829799965258765980138337165143839263686418688609738274123094:1774543555", "side": "buy", "price": 0.37, "size": 10.35, "outcome": "up", "asset": "6926493262649465829799965258765980138337165143839263686418688609738274123094", "transaction_hash": "0x48afd48fa0076c827e9ff9bce7fbc891951770c059f94a42c523454ab2060e9e", "source": "polymarket"}
{"timestamp_utc": "2026-03-26T16:45:55Z", "market_key": "SOL5M_2026-03-26T16:50:00Z", "condition_id": "0x82a6cdd0e3ff907d6c79607b4fa4da7adbc35e80a057242419bde7f282950325", "trade_id": "0x85a91eb3ac76ec8fc185bc098e2005eccaa57465ac1ad04647ec1330370f142a:6926493262649465829799965258765980138337165143839263686418688609738274123094:1774543555", "side": "buy", "price": 0.36999994320928464, "size": 5.810809, "outcome": "up", "asset": "6926493262649465829799965258765980138337165143839263686418688609738274123094", "transaction_hash": "0x85a91eb3ac76ec8fc185bc098e2005eccaa57465ac1ad04647ec1330370f142a", "source": "polymarket"}
{"timestamp_utc": "2026-03-26T16:45:55Z", "market_key": "SOL5M_2026-03-26T16:50:00Z", "condition_id": "0x82a6cdd0e3ff907d6c79607b4fa4da7adbc35e80a057242419bde7f282950325", "trade_id": "0x3275ed175fecd4b3d44f2e4b68b8a05686e471ff995a5267b05584f3693ba741:6926493262649465829799965258765980138337165143839263686418688609738274123094:1774543555", "side": "buy", "price": 0.3699999134825642, "size": 5.432431, "outcome": "up", "asset": "6926493262649465829799965258765980138337165143839263686418688609738274123094", "transaction_hash": "0x3275ed175fecd4b3d44f2e4b68b8a05686e471ff995a5267b05584f3693ba741", "source": "polymarket"}
{"timestamp_utc": "2026-03-26T16:45:57Z", "market_key": "SOL5M_2026-03-26T16:50:00Z", "condition_id": "0x82a6cdd0e3ff907d6c79607b4fa4da7adbc35e80a057242419bde7f282950325", "trade_id": "0x322f16883e4fc9afd11b95d844645f258993aadb735af599d3ba97c8b53cbbcf:100970124797587390863614521085432801335755598263613259311440140109996909390172:1774543557", "side": "buy", "price": 0.6, "size": 6.116665, "outcome": "down", "asset": "100970124797587390863614521085432801335755598263613259311440140109996909390172", "transaction_hash": "0x322f16883e4fc9afd11b95d844645f258993aadb735af599d3ba97c8b53cbbcf", "source": "polymarket"}
{"timestamp_utc": "2026-03-26T16:45:59Z", "market_key": "SOL5M_2026-03-26T16:50:00Z", "condition_id": "0x82a6cdd0e3ff907d6c79607b4fa4da7adbc35e80a057242419bde7f282950325", "trade_id": "0x5a7c1a62c0a55f9e0da98741a61751cbdbb4ed127da548bbd9c2f8da1ace7164:6926493262649465829799965258765980138337165143839263686418688609738274123094:1774543559", "side": "buy", "price": 0.41, "size": 5.0, "outcome": "up", "asset": "6926493262649465829799965258765980138337165143839263686418688609738274123094", "transaction_hash": "0x5a7c1a62c0a55f9e0da98741a61751cbdbb4ed127da548bbd9c2f8da1ace7164", "source": "polymarket"}
{"timestamp_utc": "2026-03-26T16:46:01Z", "market_key": "SOL5M_2026-03-26T16:50:00Z", "condition_id": "0x82a6cdd0e3ff907d6c79607b4fa4da7adbc35e80a057242419bde7f282950325", "trade_id": "0xef5cf530f24490c0e67dff69fd017e624b4533f9e62db07dc6f251d92d77813c:100970124797587390863614521085432801335755598263613259311440140109996909390172:1774543561", "side": "sell", "price": 0.59, "size": 1.46, "outcome": "down", "asset": "100970124797587390863614521085432801335755598263613259311440140109996909390172", "transaction_hash": "0xef5cf530f24490c0e67dff69fd017e624b4533f9e62db07dc6f251d92d77813c", "source": "polymarket"}
{"timestamp_utc": "2026-03-26T16:46:05Z", "market_key": "SOL5M_2026-03-26T16:50:00Z", "condition_id": "0x82a6cdd0e3ff907d6c79607b4fa4da7adbc35e80a057242419bde7f282950325", "trade_id": "0x7643c028649912367d154ca024ad239004c5a19e331d806174a00e22bbd3e303:100970124797587390863614521085432801335755598263613259311440140109996909390172:1774543565", "side": "buy", "price": 0.6, "size": 11.55, "outcome": "down", "asset": "100970124797587390863614521085432801335755598263613259311440140109996909390172", "transaction_hash": "0x7643c028649912367d154ca024ad239004c5a19e331d806174a00e22bbd3e303", "source": "polymarket"}
{"timestamp_utc": "2026-03-26T16:46:05Z", "market_key": "SOL5M_2026-03-26T16:50:00Z", "condition_id": "0x82a6cdd0e3ff907d6c79607b4fa4da7adbc35e80a057242419bde7f282950325", "trade_id": "0xb133d0c4b78e76593ce82e548fd63857ab2ca4aac5def38fe9b5a53495859f51:100970124797587390863614521085432801335755598263613259311440140109996909390172:1774543565", "side": "buy", "price": 0.6, "size": 5.0, "outcome": "down", "asset": "100970124797587390863614521085432801335755598263613259311440140109996909390172", "transaction_hash": "0xb133d0c4b78e76593ce82e548fd63857ab2ca4aac5def38fe9b5a53495859f51", "source": "polymarket"}
{"timestamp_utc": "2026-03-26T16:46:07Z", "market_key": "SOL5M_2026-03-26T16:50:00Z", "condition_id": "0x82a6cdd0e3ff907d6c79607b4fa4da7adbc35e80a057242419bde7f282950325", "trade_id": "0x535e0b14d748746f54cb16eb5a330f19c646f6f679f087b2a2b9444c63a266b0:100970124797587390863614521085432801335755598263613259311440140109996909390172:1774543567", "side": "buy", "price": 0.663035340208937, "size": 7.179103, "outcome": "down", "asset": "100970124797587390863614521085432801335755598263613259311440140109996909390172", "transaction_hash": "0x535e0b14d748746f54cb16eb5a330f19c646f6f679f087b2a2b9444c63a266b0", "source": "polymarket"}
{"timestamp_utc": "2026-03-26T16:46:07Z", "market_key": "SOL5M_2026-03-26T16:50:00Z", "condition_id": "0x82a6cdd0e3ff907d6c79607b4fa4da7adbc35e80a057242419bde7f282950325", "trade_id": "0xc2a7c08d7905d0c30e3396da9e9e6d5f690312ad386e1f9ac23775d781f4455c:100970124797587390863614521085432801335755598263613259311440140109996909390172:1774543567", "side": "buy", "price": 0.6652481989115208, "size": 10.522387, "outcome": "down", "asset": "100970124797587390863614521085432801335755598263613259311440140109996909390172", "transaction_hash": "0xc2a7c08d7905d0c30e3396da9e9e6d5f690312ad386e1f9ac23775d781f4455c", "source": "polymarket"}
{"timestamp_utc": "2026-03-26T16:46:07Z", "market_key": "SOL5M_2026-03-26T16:50:00Z", "condition_id": "0x82a6cdd0e3ff907d6c79607b4fa4da7adbc35e80a057242419bde7f282950325", "trade_id": "0x0306df61e158077be99b77d1ac501545d3486e2aaeedb2ce187f5dd12f783279:100970124797587390863614521085432801335755598263613259311440140109996909390172:1774543567", "side": "buy", "price": 0.6699999648109114, "size": 7.104475, "outcome": "down", "asset": "100970124797587390863614521085432801335755598263613259311440140109996909390172", "transaction_hash": "0x0306df61e158077be99b77d1ac501545d3486e2aaeedb2ce187f5dd12f783279", "source": "polymarket"}
{"timestamp_utc": "2026-03-26T16:46:07Z", "market_key": "SOL5M_2026-03-26T16:50:00Z", "condition_id": "0x82a6cdd0e3ff907d6c79607b4fa4da7adbc35e80a057242419bde7f282950325", "trade_id": "0xc6eba369d352522854f76ba7614e720c6feb2216c18de712d0a8065e5bd1de5f:100970124797587390863614521085432801335755598263613259311440140109996909390172:1774543567", "side": "buy", "price": 0.6565019337804733, "size": 6.031967, "outcome": "down", "asset": "100970124797587390863614521085432801335755598263613259311440140109996909390172", "transaction_hash": "0xc6eba369d352522854f76ba7614e720c6feb2216c18de712d0a8065e5bd1de5f", "source": "polymarket"}
{"timestamp_utc": "2026-03-26T16:46:07Z", "market_key": "SOL5M_2026-03-26T16:50:00Z", "condition_id": "0x82a6cdd0e3ff907d6c79607b4fa4da7adbc35e80a057242419bde7f282950325", "trade_id": "0xd1e889499790af569a0539a75568aa76c52674e6c778ee443383772cf545015f:6926493262649465829799965258765980138337165143839263686418688609738274123094:1774543567", "side": "sell", "price": 0.35633713561470215, "size": 7.89, "outcome": "up", "asset": "6926493262649465829799965258765980138337165143839263686418688609738274123094", "transaction_hash": "0xd1e889499790af569a0539a75568aa76c52674e6c778ee443383772cf545015f", "source": "polymarket"}
{"timestamp_utc": "2026-03-26T16:46:07Z", "market_key": "SOL5M_2026-03-26T16:50:00Z", "condition_id": "0x82a6cdd0e3ff907d6c79607b4fa4da7adbc35e80a057242419bde7f282950325", "trade_id": "0x35eaf1830faf74588cd0e170066b9b3869fefcb349e3278deb4d9ac39b76b363:100970124797587390863614521085432801335755598263613259311440140109996909390172:1774543567", "side": "buy", "price": 0.6595689650442618, "size": 152.372236, "outcome": "down", "asset": "100970124797587390863614521085432801335755598263613259311440140109996909390172", "transaction_hash": "0x35eaf1830faf74588cd0e170066b9b3869fefcb349e3278deb4d9ac39b76b363", "source": "polymarket"}
{"timestamp_utc": "2026-03-26T16:46:07Z", "market_key": "SOL5M_2026-03-26T16:50:00Z", "condition_id": "0x82a6cdd0e3ff907d6c79607b4fa4da7adbc35e80a057242419bde7f282950325", "trade_id": "0x4bcd06953c1a5ab101de7e4d6d4596a4f81550b6e2606405a111b0142a324c2b:100970124797587390863614521085432801335755598263613259311440140109996909390172:1774543567", "side": "buy", "price": 0.6686847264021855, "size": 8.135372, "outcome": "down", "asset": "100970124797587390863614521085432801335755598263613259311440140109996909390172", "transaction_hash": "0x4bcd06953c1a5ab101de7e4d6d4596a4f81550b6e2606405a111b0142a324c2b", "source": "polymarket"}
{"timestamp_utc": "2026-03-26T16:46:09Z", "market_key": "SOL5M_2026-03-26T16:50:00Z", "condition_id": "0x82a6cdd0e3ff907d6c79607b4fa4da7adbc35e80a057242419bde7f282950325", "trade_id": "0x162990151934e4ca7f398d7a2d0c349f4888dd95d0dc1e60b83d48078681e52c:6926493262649465829799965258765980138337165143839263686418688609738274123094:1774543569", "side": "buy", "price": 0.349999929999979, "size": 5.714284, "outcome": "up", "asset": "6926493262649465829799965258765980138337165143839263686418688609738274123094", "transaction_hash": "0x162990151934e4ca7f398d7a2d0c349f4888dd95d0dc1e60b83d48078681e52c", "source": "polymarket"}
{"timestamp_utc": "2026-03-26T16:46:09Z", "market_key": "SOL5M_2026-03-26T16:50:00Z", "condition_id": "0x82a6cdd0e3ff907d6c79607b4fa4da7adbc35e80a057242419bde7f282950325", "trade_id": "0x016ce3d0d266d9140e41dbd14e80a74d705438f6c7dafade0378c097377f00a8:100970124797587390863614521085432801335755598263613259311440140109996909390172:1774543569", "side": "buy", "price": 0.66, "size": 2.95, "outcome": "down", "asset": "100970124797587390863614521085432801335755598263613259311440140109996909390172", "transaction_hash": "0x016ce3d0d266d9140e41dbd14e80a74d705438f6c7dafade0378c097377f00a8", "source": "polymarket"}
{"timestamp_utc": "2026-03-26T16:46:11Z", "market_key": "SOL5M_2026-03-26T16:50:00Z", "condition_id": "0x82a6cdd0e3ff907d6c79607b4fa4da7adbc35e80a057242419bde7f282950325", "trade_id": "0x24378c91ced52c8c2aa9f4b8f7446923bb3a760db62ec13697c38ae08dc105f8:6926493262649465829799965258765980138337165143839263686418688609738274123094:1774543571", "side": "buy", "price": 0.3899999658585831, "size": 15.230768, "outcome": "up", "asset": "6926493262649465829799965258765980138337165143839263686418688609738274123094", "transaction_hash": "0x24378c91ced52c8c2aa9f4b8f7446923bb3a760db62ec13697c38ae08dc105f8", "source": "polymarket"}
{"timestamp_utc": "2026-03-26T16:46:11Z", "market_key": "SOL5M_2026-03-26T16:50:00Z", "condition_id": "0x82a6cdd0e3ff907d6c79607b4fa4da7adbc35e80a057242419bde7f282950325", "trade_id": "0xc2aded66e788087e26bdd3822ec0089105a43de8656b84840afa89818e0d1f5e:6926493262649465829799965258765980138337165143839263686418688609738274123094:1774543571", "side": "buy", "price": 0.35, "size": 1.97, "outcome": "up", "asset": "6926493262649465829799965258765980138337165143839263686418688609738274123094", "transaction_hash": "0xc2aded66e788087e26bdd3822ec0089105a43de8656b84840afa89818e0d1f5e", "source": "polymarket"}
{"timestamp_utc": "2026-03-26T16:46:11Z", "market_key": "SOL5M_2026-03-26T16:50:00Z", "condition_id": "0x82a6cdd0e3ff907d6c79607b4fa4da7adbc35e80a057242419bde7f282950325", "trade_id": "0x56e841763aa1468a0caa3c13c8c385638fea571fca78556fe575f45df088dd8e:100970124797587390863614521085432801335755598263613259311440140109996909390172:1774543571", "side": "buy", "price": 0.6378260869565218, "size": 23.0, "outcome": "down", "asset": "100970124797587390863614521085432801335755598263613259311440140109996909390172", "transaction_hash": "0x56e841763aa1468a0caa3c13c8c385638fea571fca78556fe575f45df088dd8e", "source": "polymarket"}
{"timestamp_utc": "2026-03-26T16:46:13Z", "market_key": "SOL5M_2026-03-26T16:50:00Z", "condition_id": "0x82a6cdd0e3ff907d6c79607b4fa4da7adbc35e80a057242419bde7f282950325", "trade_id": "0xf729b6a2d3da1e2d5966d25b0bc9fde55ff277417ebecfcbc85507fdea00e142:6926493262649465829799965258765980138337165143839263686418688609738274123094:1774543573", "side": "buy", "price": 0.36, "size": 5.0, "outcome": "up", "asset": "6926493262649465829799965258765980138337165143839263686418688609738274123094", "transaction_hash": "0xf729b6a2d3da1e2d5966d25b0bc9fde55ff277417ebecfcbc85507fdea00e142", "source": "polymarket"}
{"timestamp_utc": "2026-03-26T16:46:15Z", "market_key": "SOL5M_2026-03-26T16:50:00Z", "condition_id": "0x82a6cdd0e3ff907d6c79607b4fa4da7adbc35e80a057242419bde7f282950325", "trade_id": "0xe58dfb0be88120c8c9239211f49f2f75e9f5c42f1a254ae458b24a4594e71866:6926493262649465829799965258765980138337165143839263686418688609738274123094:1774543575", "side": "sell", "price": 0.34, "size": 5.0, "outcome": "up", "asset": "6926493262649465829799965258765980138337165143839263686418688609738274123094", "transaction_hash": "0xe58dfb0be88120c8c9239211f49f2f75e9f5c42f1a254ae458b24a4594e71866", "source": "polymarket"}
{"timestamp_utc": "2026-03-26T16:46:17Z", "market_key": "SOL5M_2026-03-26T16:50:00Z", "condition_id": "0x82a6cdd0e3ff907d6c79607b4fa4da7adbc35e80a057242419bde7f282950325", "trade_id": "0x5ac06a7892d9ba3fc6d463165734858c9414208f2eda1e1a6d301f125b1eb15c:6926493262649465829799965258765980138337165143839263686418688609738274123094:1774543577", "side": "sell", "price": 0.31558659217877094, "size": 8.95, "outcome": "up", "asset": "6926493262649465829799965258765980138337165143839263686418688609738274123094", "transaction_hash": "0x5ac06a7892d9ba3fc6d463165734858c9414208f2eda1e1a6d301f125b1eb15c", "source": "polymarket"}
{"timestamp_utc": "2026-03-26T16:46:19Z", "market_key": "SOL5M_2026-03-26T16:50:00Z", "condition_id": "0x82a6cdd0e3ff907d6c79607b4fa4da7adbc35e80a057242419bde7f282950325", "trade_id": "0xadf5681a2b063a67b41d4c6abc51c80d0889b959fe1e5cf54c7d22fd27b65087:6926493262649465829799965258765980138337165143839263686418688609738274123094:1774543579", "side": "buy", "price": 0.27043478260869563, "size": 23.0, "outcome": "up", "asset": "6926493262649465829799965258765980138337165143839263686418688609738274123094", "transaction_hash": "0xadf5681a2b063a67b41d4c6abc51c80d0889b959fe1e5cf54c7d22fd27b65087", "source": "polymarket"}
{"timestamp_utc": "2026-03-26T16:46:19Z", "market_key": "SOL5M_2026-03-26T16:50:00Z", "condition_id": "0x82a6cdd0e3ff907d6c79607b4fa4da7adbc35e80a057242419bde7f282950325", "trade_id": "0x12a3a1b4e01b1f1cbdef7380e332b222a1ca9bfc36a11c385cc5717d0208a1fc:6926493262649465829799965258765980138337165143839263686418688609738274123094:1774543579", "side": "sell", "price": 0.2653075328265377, "size": 28.94, "outcome": "up", "asset": "6926493262649465829799965258765980138337165143839263686418688609738274123094", "transaction_hash": "0x12a3a1b4e01b1f1cbdef7380e332b222a1ca9bfc36a11c385cc5717d0208a1fc", "source": "polymarket"}
{"timestamp_utc": "2026-03-26T16:46:19Z", "market_key": "SOL5M_2026-03-26T16:50:00Z", "condition_id": "0x82a6cdd0e3ff907d6c79607b4fa4da7adbc35e80a057242419bde7f282950325", "trade_id": "0xee802d72feb8019556425ac63ee5654459d7c01258d328d1aefc67431a09d147:100970124797587390863614521085432801335755598263613259311440140109996909390172:1774543579", "side": "buy", "price": 0.7399998584346866, "size": 1.554053, "outcome": "down", "asset": "100970124797587390863614521085432801335755598263613259311440140109996909390172", "transaction_hash": "0xee802d72feb8019556425ac63ee5654459d7c01258d328d1aefc67431a09d147", "source": "polymarket"}
{"timestamp_utc": "2026-03-26T16:46:19Z", "market_key": "SOL5M_2026-03-26T16:50:00Z", "condition_id": "0x82a6cdd0e3ff907d6c79607b4fa4da7adbc35e80a057242419bde7f282950325", "trade_id": "0xddc680b525015b35b32a74327239b1922e659a0c8d0831e415e896a38989ce68:100970124797587390863614521085432801335755598263613259311440140109996909390172:1774543579", "side": "buy", "price": 0.7399999651178233, "size": 4.013511, "outcome": "down", "asset": "100970124797587390863614521085432801335755598263613259311440140109996909390172", "transaction_hash": "0xddc680b525015b35b32a74327239b1922e659a0c8d0831e415e896a38989ce68", "source": "polymarket"}
{"timestamp_utc": "2026-03-26T16:46:21Z", "market_key": "SOL5M_2026-03-26T16:50:00Z", "condition_id": "0x82a6cdd0e3ff907d6c79607b4fa4da7adbc35e80a057242419bde7f282950325", "trade_id": "0x91f991d710aad9de082a40ca797752f25e1e826d4bc6177143a56c856a7abdc3:6926493262649465829799965258765980138337165143839263686418688609738274123094:1774543581", "side": "sell", "price": 0.23, "size": 3.0, "outcome": "up", "asset": "6926493262649465829799965258765980138337165143839263686418688609738274123094", "transaction_hash": "0x91f991d710aad9de082a40ca797752f25e1e826d4bc6177143a56c856a7abdc3", "source": "polymarket"}
{"timestamp_utc": "2026-03-26T16:46:21Z", "market_key": "SOL5M_2026-03-26T16:50:00Z", "condition_id": "0x82a6cdd0e3ff907d6c79607b4fa4da7adbc35e80a057242419bde7f282950325", "trade_id": "0x6c4966556b108594408893d7c6c3ce7e98b5737598af4b997a10fab824bf6045:6926493262649465829799965258765980138337165143839263686418688609738274123094:1774543581", "side": "sell", "price": 0.23, "size": 17.0, "outcome": "up", "asset": "6926493262649465829799965258765980138337165143839263686418688609738274123094", "transaction_hash": "0x6c4966556b108594408893d7c6c3ce7e98b5737598af4b997a10fab824bf6045", "source": "polymarket"}
{"timestamp_utc": "2026-03-26T16:46:21Z", "market_key": "SOL5M_2026-03-26T16:50:00Z", "condition_id": "0x82a6cdd0e3ff907d6c79607b4fa4da7adbc35e80a057242419bde7f282950325", "trade_id": "0x0e5a137831ff4c43815c13c1d346e204908e197ca7b38d3ad470d0fe2324983e:6926493262649465829799965258765980138337165143839263686418688609738274123094:1774543581", "side": "sell", "price": 0.2250794747753974, "size": 28.94, "outcome": "up", "asset": "6926493262649465829799965258765980138337165143839263686418688609738274123094", "transaction_hash": "0x0e5a137831ff4c43815c13c1d346e204908e197ca7b38d3ad470d0fe2324983e", "source": "polymarket"}
{"timestamp_utc": "2026-03-26T16:46:23Z", "market_key": "SOL5M_2026-03-26T16:50:00Z", "condition_id": "0x82a6cdd0e3ff907d6c79607b4fa4da7adbc35e80a057242419bde7f282950325", "trade_id": "0xdd39f9f33555d6acbb741a11077720a50d0fffb3e762c687428bfa8f153c771e:6926493262649465829799965258765980138337165143839263686418688609738274123094:1774543583", "side": "buy", "price": 0.2768305883972226, "size": 7.730356, "outcome": "up", "asset": "6926493262649465829799965258765980138337165143839263686418688609738274123094", "transaction_hash": "0xdd39f9f33555d6acbb741a11077720a50d0fffb3e762c687428bfa8f153c771e", "source": "polymarket"}
{"timestamp_utc": "2026-03-26T16:46:23Z", "market_key": "SOL5M_2026-03-26T16:50:00Z", "condition_id": "0x82a6cdd0e3ff907d6c79607b4fa4da7adbc35e80a057242419bde7f282950325", "trade_id": "0xbc08fbcb798f402ea34296029c26dc6c0fd896e649e075e97ff20f7115f97a4e:100970124797587390863614521085432801335755598263613259311440140109996909390172:1774543583", "side": "sell", "price": 0.73, "size": 2.55, "outcome": "down", "asset": "100970124797587390863614521085432801335755598263613259311440140109996909390172", "transaction_hash": "0xbc08fbcb798f402ea34296029c26dc6c0fd896e649e075e97ff20f7115f97a4e", "source": "polymarket"}
{"timestamp_utc": "2026-03-26T16:46:27Z", "market_key": "SOL5M_2026-03-26T16:50:00Z", "condition_id": "0x82a6cdd0e3ff907d6c79607b4fa4da7adbc35e80a057242419bde7f282950325", "trade_id": "0xd03edb856b794f225c74c4505102e688391e41371ed61887b75dcb26f8d0709f:6926493262649465829799965258765980138337165143839263686418688609738274123094:1774543587", "side": "buy", "price": 0.279999843199931, "size": 3.571427, "outcome": "up", "asset": "6926493262649465829799965258765980138337165143839263686418688609738274123094", "transaction_hash": "0xd03edb856b794f225c74c4505102e688391e41371ed61887b75dcb26f8d0709f", "source": "polymarket"}
{"timestamp_utc": "2026-03-26T16:46:29Z", "market_key": "SOL5M_2026-03-26T16:50:00Z", "condition_id": "0x82a6cdd0e3ff907d6c79607b4fa4da7adbc35e80a057242419bde7f282950325", "trade_id": "0x7e3c984bff98355ee2ab7a6a9b9fb6e59d777ac2989682c68c6844032c8ea5df:6926493262649465829799965258765980138337165143839263686418688609738274123094:1774543589", "side": "buy", "price": 0.3, "size": 10.0, "outcome": "up", "asset": "6926493262649465829799965258765980138337165143839263686418688609738274123094", "transaction_hash": "0x7e3c984bff98355ee2ab7a6a9b9fb6e59d777ac2989682c68c6844032c8ea5df", "source": "polymarket"}
{"timestamp_utc": "2026-03-26T16:46:29Z", "market_key": "SOL5M_2026-03-26T16:50:00Z", "condition_id": "0x82a6cdd0e3ff907d6c79607b4fa4da7adbc35e80a057242419bde7f282950325", "trade_id": "0x4554d305f96ad3b6a45e9cb5420145a88ad34e907df46de7486a4b7bdec765dc:6926493262649465829799965258765980138337165143839263686418688609738274123094:1774543589", "side": "buy", "price": 0.2999998953488129, "size": 5.733332, "outcome": "up", "asset": "6926493262649465829799965258765980138337165143839263686418688609738274123094", "transaction_hash": "0x4554d305f96ad3b6a45e9cb5420145a88ad34e907df46de7486a4b7bdec765dc", "source": "polymarket"}
{"timestamp_utc": "2026-03-26T16:46:31Z", "market_key": "SOL5M_2026-03-26T16:50:00Z", "condition_id": "0x82a6cdd0e3ff907d6c79607b4fa4da7adbc35e80a057242419bde7f282950325", "trade_id": "0xd523da23da5a8e0c4b85b1fedd6e5a0d8cd05cfd5dbe139fe71def1c31b55d8f:100970124797587390863614521085432801335755598263613259311440140109996909390172:1774543591", "side": "buy", "price": 0.72, "size": 5.0, "outcome": "down", "asset": "100970124797587390863614521085432801335755598263613259311440140109996909390172", "transaction_hash": "0xd523da23da5a8e0c4b85b1fedd6e5a0d8cd05cfd5dbe139fe71def1c31b55d8f", "source": "polymarket"}
{"timestamp_utc": "2026-03-26T16:46:31Z", "market_key": "SOL5M_2026-03-26T16:50:00Z", "condition_id": "0x82a6cdd0e3ff907d6c79607b4fa4da7adbc35e80a057242419bde7f282950325", "trade_id": "0xb677fcb7785c9a6e5be17a3cde898849c333b6312ade61990b11ae64dc726b09:6926493262649465829799965258765980138337165143839263686418688609738274123094:1774543591", "side": "sell", "price": 0.29, "size": 5.0, "outcome": "up", "asset": "6926493262649465829799965258765980138337165143839263686418688609738274123094", "transaction_hash": "0xb677fcb7785c9a6e5be17a3cde898849c333b6312ade61990b11ae64dc726b09", "source": "polymarket"}
