{"timestamp_utc": "2026-03-26T14:29:59Z", "market_key": "SOL5M_2026-03-26T14:40:00Z", "condition_id": "0x2a31b97f4b9f768d59c0a23f3bbc8c2b2adb70fa37b13d021947f7acf0637705", "trade_id": "0x69b32e8853f6144f767626de523409469662cc12e7a9c4f78c9d52ca62628c7e:55186442958956686719751431003779259902035050014966909041859135245056045543633:1774535399", "side": "buy", "price": 0.51, "size": 5.0, "outcome": "up", "asset": "55186442958956686719751431003779259902035050014966909041859135245056045543633", "transaction_hash": "0x69b32e8853f6144f767626de523409469662cc12e7a9c4f78c9d52ca62628c7e", "source": "polymarket"}
{"timestamp_utc": "2026-03-26T14:30:05Z", "market_key": "SOL5M_2026-03-26T14:40:00Z", "condition_id": "0x2a31b97f4b9f768d59c0a23f3bbc8c2b2adb70fa37b13d021947f7acf0637705", "trade_id": "0x1bec1f8f180e94be5656e41d867cafcf3eb2d14986b17fae98e9416b205b01fd:55186442958956686719751431003779259902035050014966909041859135245056045543633:1774535405", "side": "buy", "price": 0.5099998316998873, "size": 1.960783, "outcome": "up", "asset": "55186442958956686719751431003779259902035050014966909041859135245056045543633", "transaction_hash": "0x1bec1f8f180e94be5656e41d867cafcf3eb2d14986b17fae98e9416b205b01fd", "source": "polymarket"}
{"timestamp_utc": "2026-03-26T14:30:05Z", "market_key": "SOL5M_2026-03-26T14:40:00Z", "condition_id": "0x2a31b97f4b9f768d59c0a23f3bbc8c2b2adb70fa37b13d021947f7acf0637705", "trade_id": "0xa5f264c26244ba069b5f661227756ef9b53967f27208a1841ee684a5b55489b0:11325509108950694720568378589415134404735927095032587052670289882853025349217:1774535405", "side": "buy", "price": 0.5, "size": 2.0, "outcome": "down", "asset": "11325509108950694720568378589415134404735927095032587052670289882853025349217", "transaction_hash": "0xa5f264c26244ba069b5f661227756ef9b53967f27208a1841ee684a5b55489b0", "source": "polymarket"}
{"timestamp_utc": "2026-03-26T14:30:11Z", "market_key": "SOL5M_2026-03-26T14:40:00Z", "condition_id": "0x2a31b97f4b9f768d59c0a23f3bbc8c2b2adb70fa37b13d021947f7acf0637705", "trade_id": "0x5505fdafdc1b60c0cb6167b7838ef3a9a234a37187c70a888c6a23877a0bb33d:11325509108950694720568378589415134404735927095032587052670289882853025349217:1774535411", "side": "buy", "price": 0.5, "size": 4.0, "outcome": "down", "asset": "11325509108950694720568378589415134404735927095032587052670289882853025349217", "transaction_hash": "0x5505fdafdc1b60c0cb6167b7838ef3a9a234a37187c70a888c6a23877a0bb33d", "source": "polymarket"}
{"timestamp_utc": "2026-03-26T14:30:13Z", "market_key": "SOL5M_2026-03-26T14:40:00Z", "condition_id": "0x2a31b97f4b9f768d59c0a23f3bbc8c2b2adb70fa37b13d021947f7acf0637705", "trade_id": "0x410efc6e6e89ee6364e45f81750e35d5eb16e770eb97479b7f7fabce93330615:11325509108950694720568378589415134404735927095032587052670289882853025349217:1774535413", "side": "buy", "price": 0.50610686175922, "size": 10.274508, "outcome": "down", "asset": "11325509108950694720568378589415134404735927095032587052670289882853025349217", "transaction_hash": "0x410efc6e6e89ee6364e45f81750e35d5eb16e770eb97479b7f7fabce93330615", "source": "polymarket"}
{"timestamp_utc": "2026-03-26T14:31:07Z", "market_key": "SOL5M_2026-03-26T14:40:00Z", "condition_id": "0x2a31b97f4b9f768d59c0a23f3bbc8c2b2adb70fa37b13d021947f7acf0637705", "trade_id": "0x3501d9128bb72ee7c5600fd4eb0e4161ca50815dec12ea966f59ed6803bc546c:55186442958956686719751431003779259902035050014966909041859135245056045543633:1774535467", "side": "buy", "price": 0.5099998316998873, "size": 1.960783, "outcome": "up", "asset": "55186442958956686719751431003779259902035050014966909041859135245056045543633", "transaction_hash": "0x3501d9128bb72ee7c5600fd4eb0e4161ca50815dec12ea966f59ed6803bc546c", "source": "polymarket"}
{"timestamp_utc": "2026-03-26T14:31:17Z", "market_key": "SOL5M_2026-03-26T14:40:00Z", "condition_id": "0x2a31b97f4b9f768d59c0a23f3bbc8c2b2adb70fa37b13d021947f7acf0637705", "trade_id": "0xde05c1b56b2d3f93ff38c00bf1407af85268f28024946aa1782c677d979d18b3:55186442958956686719751431003779259902035050014966909041859135245056045543633:1774535477", "side": "buy", "price": 0.51, "size": 5.0, "outcome": "up", "asset": "55186442958956686719751431003779259902035050014966909041859135245056045543633", "transaction_hash": "0xde05c1b56b2d3f93ff38c00bf1407af85268f28024946aa1782c677d979d18b3", "source": "polymarket"}
{"timestamp_utc": "2026-03-26T14:31:31Z", "market_key": "SOL5M_2026-03-26T14:40:00Z", "condition_id": "0x2a31b97f4b9f768d59c0a23f3bbc8c2b2adb70fa37b13d021947f7acf0637705", "trade_id": "0x1fbec72533968a8ecab5fb9963479707314ce8e86bf5713a7375f3ed1ab3ec68:11325509108950694720568378589415134404735927095032587052670289882853025349217:1774535491", "side": "buy", "price": 0.51, "size": 3.2, "outcome": "down", "asset": "11325509108950694720568378589415134404735927095032587052670289882853025349217", "transaction_hash": "0x1fbec72533968a8ecab5fb9963479707314ce8e86bf5713a7375f3ed1ab3ec68", "source": "polymarket"}
{"timestamp_utc": "2026-03-26T14:32:15Z", "market_key": "SOL5M_2026-03-26T14:40:00Z", "condition_id": "0x2a31b97f4b9f768d59c0a23f3bbc8c2b2adb70fa37b13d021947f7acf0637705", "trade_id": "0x3c7141dd2033a3081e92eb8215b7fe59291502bf38b6f7ce3bc40d08ca523201:55186442958956686719751431003779259902035050014966909041859135245056045543633:1774535535", "side": "sell", "price": 0.49, "size": 5.0, "outcome": "up", "asset": "55186442958956686719751431003779259902035050014966909041859135245056045543633", "transaction_hash": "0x3c7141dd2033a3081e92eb8215b7fe59291502bf38b6f7ce3bc40d08ca523201", "source": "polymarket"}
{"timestamp_utc": "2026-03-26T14:33:25Z", "market_key": "SOL5M_2026-03-26T14:40:00Z", "condition_id": "0x2a31b97f4b9f768d59c0a23f3bbc8c2b2adb70fa37b13d021947f7acf0637705", "trade_id": "0xb86db4703aa8d3d990fa98db5ce255da61156832c7712b438389c8b41563f655:11325509108950694720568378589415134404735927095032587052670289882853025349217:1774535605", "side": "buy", "price": 0.5099998316998873, "size": 1.960783, "outcome": "down", "asset": "11325509108950694720568378589415134404735927095032587052670289882853025349217", "transaction_hash": "0xb86db4703aa8d3d990fa98db5ce255da61156832c7712b438389c8b41563f655", "source": "polymarket"}
{"timestamp_utc": "2026-03-26T14:33:53Z", "market_key": "SOL5M_2026-03-26T14:40:00Z", "condition_id": "0x2a31b97f4b9f768d59c0a23f3bbc8c2b2adb70fa37b13d021947f7acf0637705", "trade_id": "0xc2a228b7152e0c83545829e5b4c5ae15690af0cdb04156c8a944efb8c82ca1c6:55186442958956686719751431003779259902035050014966909041859135245056045543633:1774535633", "side": "buy", "price": 0.5099999884567892, "size": 19.058822, "outcome": "up", "asset": "55186442958956686719751431003779259902035050014966909041859135245056045543633", "transaction_hash": "0xc2a228b7152e0c83545829e5b4c5ae15690af0cdb04156c8a944efb8c82ca1c6", "source": "polymarket"}
{"timestamp_utc": "2026-03-26T14:33:57Z", "market_key": "SOL5M_2026-03-26T14:40:00Z", "condition_id": "0x2a31b97f4b9f768d59c0a23f3bbc8c2b2adb70fa37b13d021947f7acf0637705", "trade_id": "0x8574e4f7e17caf1ba83dd79a60daeab0a4885ec2f381aa1c59f64e95aca238d5:55186442958956686719751431003779259902035050014966909041859135245056045543633:1774535637", "side": "buy", "price": 0.509999956649982, "size": 3.921567, "outcome": "up", "asset": "55186442958956686719751431003779259902035050014966909041859135245056045543633", "transaction_hash": "0x8574e4f7e17caf1ba83dd79a60daeab0a4885ec2f381aa1c59f64e95aca238d5", "source": "polymarket"}
{"timestamp_utc": "2026-03-26T14:34:11Z", "market_key": "SOL5M_2026-03-26T14:40:00Z", "condition_id": "0x2a31b97f4b9f768d59c0a23f3bbc8c2b2adb70fa37b13d021947f7acf0637705", "trade_id": "0x39e41a6d7c355fc37f078da388b223c4c560472218e7fe394b6160c401080bd8:11325509108950694720568378589415134404735927095032587052670289882853025349217:1774535651", "side": "buy", "price": 0.5099998316998873, "size": 1.960783, "outcome": "down", "asset": "11325509108950694720568378589415134404735927095032587052670289882853025349217", "transaction_hash": "0x39e41a6d7c355fc37f078da388b223c4c560472218e7fe394b6160c401080bd8", "source": "polymarket"}
{"timestamp_utc": "2026-03-26T14:34:53Z", "market_key": "SOL5M_2026-03-26T14:40:00Z", "condition_id": "0x2a31b97f4b9f768d59c0a23f3bbc8c2b2adb70fa37b13d021947f7acf0637705", "trade_id": "0x9a51d9451333ca2e72480d2a5443634139821951dbb9d86795b64f53f58a5fef:55186442958956686719751431003779259902035050014966909041859135245056045543633:1774535693", "side": "buy", "price": 0.5099999680606017, "size": 9.705881, "outcome": "up", "asset": "55186442958956686719751431003779259902035050014966909041859135245056045543633", "transaction_hash": "0x9a51d9451333ca2e72480d2a5443634139821951dbb9d86795b64f53f58a5fef", "source": "polymarket"}
{"timestamp_utc": "2026-03-26T14:34:57Z", "market_key": "SOL5M_2026-03-26T14:40:00Z", "condition_id": "0x2a31b97f4b9f768d59c0a23f3bbc8c2b2adb70fa37b13d021947f7acf0637705", "trade_id": "0x3e7298a9b8d531f06199d2d44e5f28fdb3bfd7ffc18c9011fe57ca6f3ed6333a:55186442958956686719751431003779259902035050014966909041859135245056045543633:1774535697", "side": "buy", "price": 0.5099999136289772, "size": 2.431371, "outcome": "up", "asset": "55186442958956686719751431003779259902035050014966909041859135245056045543633", "transaction_hash": "0x3e7298a9b8d531f06199d2d44e5f28fdb3bfd7ffc18c9011fe57ca6f3ed6333a", "source": "polymarket"}
{"timestamp_utc": "2026-03-26T14:35:03Z", "market_key": "SOL5M_2026-03-26T14:40:00Z", "condition_id": "0x2a31b97f4b9f768d59c0a23f3bbc8c2b2adb70fa37b13d021947f7acf0637705", "trade_id": "0x3d21589ad943bd81d06af415a8f8186ac8e9aad1a4cece8f9679d0a66665f7cf:55186442958956686719751431003779259902035050014966909041859135245056045543633:1774535703", "side": "buy", "price": 0.5099999310377235, "size": 6.235293, "outcome": "up", "asset": "55186442958956686719751431003779259902035050014966909041859135245056045543633", "transaction_hash": "0x3d21589ad943bd81d06af415a8f8186ac8e9aad1a4cece8f9679d0a66665f7cf", "source": "polymarket"}
{"timestamp_utc": "2026-03-26T14:35:03Z", "market_key": "SOL5M_2026-03-26T14:40:00Z", "condition_id": "0x2a31b97f4b9f768d59c0a23f3bbc8c2b2adb70fa37b13d021947f7acf0637705", "trade_id": "0xf2692114949c63ae2d48b25ce07f96aa797d7dd5b99576e4b33c280a1e9d8c7f:11325509108950694720568378589415134404735927095032587052670289882853025349217:1774535703", "side": "buy", "price": 0.51, "size": 5.0, "outcome": "down", "asset": "11325509108950694720568378589415134404735927095032587052670289882853025349217", "transaction_hash": "0xf2692114949c63ae2d48b25ce07f96aa797d7dd5b99576e4b33c280a1e9d8c7f", "source": "polymarket"}
{"timestamp_utc": "2026-03-26T14:35:05Z", "market_key": "SOL5M_2026-03-26T14:40:00Z", "condition_id": "0x2a31b97f4b9f768d59c0a23f3bbc8c2b2adb70fa37b13d021947f7acf0637705", "trade_id": "0x6a5ba2ca3c71b11ac2e291ad215175abf9a52f9bab899fcd08be436395a9979c:11325509108950694720568378589415134404735927095032587052670289882853025349217:1774535705", "side": "buy", "price": 0.51, "size": 25.0, "outcome": "down", "asset": "11325509108950694720568378589415134404735927095032587052670289882853025349217", "transaction_hash": "0x6a5ba2ca3c71b11ac2e291ad215175abf9a52f9bab899fcd08be436395a9979c", "source": "polymarket"}
{"timestamp_utc": "2026-03-26T14:35:05Z", "market_key": "SOL5M_2026-03-26T14:40:00Z", "condition_id": "0x2a31b97f4b9f768d59c0a23f3bbc8c2b2adb70fa37b13d021947f7acf0637705", "trade_id": "0x13f6e314205421806b6e6ec4690b34cf42668b2bcba73cc2d2f632687542030a:55186442958956686719751431003779259902035050014966909041859135245056045543633:1774535705", "side": "buy", "price": 0.509999956649982, "size": 3.921567, "outcome": "up", "asset": "55186442958956686719751431003779259902035050014966909041859135245056045543633", "transaction_hash": "0x13f6e314205421806b6e6ec4690b34cf42668b2bcba73cc2d2f632687542030a", "source": "polymarket"}
{"timestamp_utc": "2026-03-26T14:35:07Z", "market_key": "SOL5M_2026-03-26T14:40:00Z", "condition_id": "0x2a31b97f4b9f768d59c0a23f3bbc8c2b2adb70fa37b13d021947f7acf0637705", "trade_id": "0xb2a6526a759799cd16456ac5dabefa4519335d366a4dc08fc859e7b9ab1a64ea:55186442958956686719751431003779259902035050014966909041859135245056045543633:1774535707", "side": "buy", "price": 0.46999998871999804, "size": 10.638296, "outcome": "up", "asset": "55186442958956686719751431003779259902035050014966909041859135245056045543633", "transaction_hash": "0xb2a6526a759799cd16456ac5dabefa4519335d366a4dc08fc859e7b9ab1a64ea", "source": "polymarket"}
{"timestamp_utc": "2026-03-26T14:35:07Z", "market_key": "SOL5M_2026-03-26T14:40:00Z", "condition_id": "0x2a31b97f4b9f768d59c0a23f3bbc8c2b2adb70fa37b13d021947f7acf0637705", "trade_id": "0x0664ede49296aee9c6edc05e3f15485d001146e50a95dbbc544de792d8ea3f2c:55186442958956686719751431003779259902035050014966909041859135245056045543633:1774535707", "side": "buy", "price": 0.5, "size": 20.0, "outcome": "up", "asset": "55186442958956686719751431003779259902035050014966909041859135245056045543633", "transaction_hash": "0x0664ede49296aee9c6edc05e3f15485d001146e50a95dbbc544de792d8ea3f2c", "source": "polymarket"}
{"timestamp_utc": "2026-03-26T14:35:07Z", "market_key": "SOL5M_2026-03-26T14:40:00Z", "condition_id": "0x2a31b97f4b9f768d59c0a23f3bbc8c2b2adb70fa37b13d021947f7acf0637705", "trade_id": "0xb1a7667803d31adc76854c1f28aaf890ae378e274d9d1ce9f86ddaef7d0f70ad:11325509108950694720568378589415134404735927095032587052670289882853025349217:1774535707", "side": "buy", "price": 0.5691518188935075, "size": 172.133332, "outcome": "down", "asset": "11325509108950694720568378589415134404735927095032587052670289882853025349217", "transaction_hash": "0xb1a7667803d31adc76854c1f28aaf890ae378e274d9d1ce9f86ddaef7d0f70ad", "source": "polymarket"}
{"timestamp_utc": "2026-03-26T14:35:07Z", "market_key": "SOL5M_2026-03-26T14:40:00Z", "condition_id": "0x2a31b97f4b9f768d59c0a23f3bbc8c2b2adb70fa37b13d021947f7acf0637705", "trade_id": "0xe6af7cac124ce669451fd054f0cb3081f0042982cbd857751679e3d856287246:11325509108950694720568378589415134404735927095032587052670289882853025349217:1774535707", "side": "buy", "price": 0.511544262295082, "size": 61.0, "outcome": "down", "asset": "11325509108950694720568378589415134404735927095032587052670289882853025349217", "transaction_hash": "0xe6af7cac124ce669451fd054f0cb3081f0042982cbd857751679e3d856287246", "source": "polymarket"}
{"timestamp_utc": "2026-03-26T14:35:07Z", "market_key": "SOL5M_2026-03-26T14:40:00Z", "condition_id": "0x2a31b97f4b9f768d59c0a23f3bbc8c2b2adb70fa37b13d021947f7acf0637705", "trade_id": "0x55087822e8362bb0972c6708f9e3383fb7fbbb9036e7f87ee7793615a3308a3b:11325509108950694720568378589415134404735927095032587052670289882853025349217:1774535707", "side": "buy", "price": 0.52, "size": 0.58, "outcome": "down", "asset": "11325509108950694720568378589415134404735927095032587052670289882853025349217", "transaction_hash": "0x55087822e8362bb0972c6708f9e3383fb7fbbb9036e7f87ee7793615a3308a3b", "source": "polymarket"}
{"timestamp_utc": "2026-03-26T14:35:07Z", "market_key": "SOL5M_2026-03-26T14:40:00Z", "condition_id": "0x2a31b97f4b9f768d59c0a23f3bbc8c2b2adb70fa37b13d021947f7acf0637705", "trade_id": "0x7737ada0a2b630f72f6f4428ebb3b2875f94a68c59b806b82024295ae8c506e0:55186442958956686719751431003779259902035050014966909041859135245056045543633:1774535707", "side": "buy", "price": 0.47, "size": 5.2, "outcome": "up", "asset": "55186442958956686719751431003779259902035050014966909041859135245056045543633", "transaction_hash": "0x7737ada0a2b630f72f6f4428ebb3b2875f94a68c59b806b82024295ae8c506e0", "source": "polymarket"}
{"timestamp_utc": "2026-03-26T14:35:09Z", "market_key": "SOL5M_2026-03-26T14:40:00Z", "condition_id": "0x2a31b97f4b9f768d59c0a23f3bbc8c2b2adb70fa37b13d021947f7acf0637705", "trade_id": "0x77df3c5b3f56c3f3280ff96c25c9b666a7a8f4fb2f13d65d39649223e120c492:11325509108950694720568378589415134404735927095032587052670289882853025349217:1774535709", "side": "buy", "price": 0.5699819929001673, "size": 87.722066, "outcome": "down", "asset": "11325509108950694720568378589415134404735927095032587052670289882853025349217", "transaction_hash": "0x77df3c5b3f56c3f3280ff96c25c9b666a7a8f4fb2f13d65d39649223e120c492", "source": "polymarket"}
{"timestamp_utc": "2026-03-26T14:35:09Z", "market_key": "SOL5M_2026-03-26T14:40:00Z", "condition_id": "0x2a31b97f4b9f768d59c0a23f3bbc8c2b2adb70fa37b13d021947f7acf0637705", "trade_id": "0x09345c822b166403b29af595a2674639c91096febb1f7569a170ebc5e7434f32:11325509108950694720568378589415134404735927095032587052670289882853025349217:1774535709", "side": "buy", "price": 0.5599999345028933, "size": 3.05357, "outcome": "down", "asset": "11325509108950694720568378589415134404735927095032587052670289882853025349217", "transaction_hash": "0x09345c822b166403b29af595a2674639c91096febb1f7569a170ebc5e7434f32", "source": "polymarket"}
{"timestamp_utc": "2026-03-26T14:35:09Z", "market_key": "SOL5M_2026-03-26T14:40:00Z", "condition_id": "0x2a31b97f4b9f768d59c0a23f3bbc8c2b2adb70fa37b13d021947f7acf0637705", "trade_id": "0x62a63e3dae9dce974d4aa410f8668a3b7195b82160c8ec7a0f535dcb49e58c40:11325509108950694720568378589415134404735927095032587052670289882853025349217:1774535709", "side": "buy", "price": 0.62, "size": 15.0, "outcome": "down", "asset": "11325509108950694720568378589415134404735927095032587052670289882853025349217", "transaction_hash": "0x62a63e3dae9dce974d4aa410f8668a3b7195b82160c8ec7a0f535dcb49e58c40", "source": "polymarket"}
{"timestamp_utc": "2026-03-26T14:35:09Z", "market_key": "SOL5M_2026-03-26T14:40:00Z", "condition_id": "0x2a31b97f4b9f768d59c0a23f3bbc8c2b2adb70fa37b13d021947f7acf0637705", "trade_id": "0x12825f406a214ef1826b3505243c8ee138ecda05a0dc6aec52b1fac324746bfc:11325509108950694720568378589415134404735927095032587052670289882853025349217:1774535709", "side": "buy", "price": 0.62, "size": 3.88, "outcome": "down", "asset": "11325509108950694720568378589415134404735927095032587052670289882853025349217", "transaction_hash": "0x12825f406a214ef1826b3505243c8ee138ecda05a0dc6aec52b1fac324746bfc", "source": "polymarket"}
{"timestamp_utc": "2026-03-26T14:35:09Z", "market_key": "SOL5M_2026-03-26T14:40:00Z", "condition_id": "0x2a31b97f4b9f768d59c0a23f3bbc8c2b2adb70fa37b13d021947f7acf0637705", "trade_id": "0xa662f08bd33caa1b8293929bd115973191cbaafd255cdc4b23a181009cc207c9:11325509108950694720568378589415134404735927095032587052670289882853025349217:1774535709", "side": "buy", "price": 0.62, "size": 15.0, "outcome": "down", "asset": "11325509108950694720568378589415134404735927095032587052670289882853025349217", "transaction_hash": "0xa662f08bd33caa1b8293929bd115973191cbaafd255cdc4b23a181009cc207c9", "source": "polymarket"}
{"timestamp_utc": "2026-03-26T14:35:09Z", "market_key": "SOL5M_2026-03-26T14:40:00Z", "condition_id": "0x2a31b97f4b9f768d59c0a23f3bbc8c2b2adb70fa37b13d021947f7acf0637705", "trade_id": "0x129140ea60d28d599da8d6b6533c163cfde0125cf65312ec014cbd87d8064cd1:11325509108950694720568378589415134404735927095032587052670289882853025349217:1774535709", "side": "buy", "price": 0.6199999402409336, "size": 5.354836, "outcome": "down", "asset": "11325509108950694720568378589415134404735927095032587052670289882853025349217", "transaction_hash": "0x129140ea60d28d599da8d6b6533c163cfde0125cf65312ec014cbd87d8064cd1", "source": "polymarket"}
{"timestamp_utc": "2026-03-26T14:35:09Z", "market_key": "SOL5M_2026-03-26T14:40:00Z", "condition_id": "0x2a31b97f4b9f768d59c0a23f3bbc8c2b2adb70fa37b13d021947f7acf0637705", "trade_id": "0xb104233f0099fe297a592e648af86a46a47bc9e1b15eaa3e965b80b19b7eee0e:55186442958956686719751431003779259902035050014966909041859135245056045543633:1774535709", "side": "sell", "price": 0.38, "size": 3.76, "outcome": "up", "asset": "55186442958956686719751431003779259902035050014966909041859135245056045543633", "transaction_hash": "0xb104233f0099fe297a592e648af86a46a47bc9e1b15eaa3e965b80b19b7eee0e", "source": "polymarket"}
{"timestamp_utc": "2026-03-26T14:35:09Z", "market_key": "SOL5M_2026-03-26T14:40:00Z", "condition_id": "0x2a31b97f4b9f768d59c0a23f3bbc8c2b2adb70fa37b13d021947f7acf0637705", "trade_id": "0x0db28ba1c54a7df15464dc4da8dbeb8da8419915c519cca389496a3e3104fc88:11325509108950694720568378589415134404735927095032587052670289882853025349217:1774535709", "side": "buy", "price": 0.62, "size": 18.0, "outcome": "down", "asset": "11325509108950694720568378589415134404735927095032587052670289882853025349217", "transaction_hash": "0x0db28ba1c54a7df15464dc4da8dbeb8da8419915c519cca389496a3e3104fc88", "source": "polymarket"}
{"timestamp_utc": "2026-03-26T14:35:09Z", "market_key": "SOL5M_2026-03-26T14:40:00Z", "condition_id": "0x2a31b97f4b9f768d59c0a23f3bbc8c2b2adb70fa37b13d021947f7acf0637705", "trade_id": "0x9d9a0d21ab14e1f5e27195df4ed09d44d4957aa92366e3a2583fac714d3b0b26:11325509108950694720568378589415134404735927095032587052670289882853025349217:1774535709", "side": "buy", "price": 0.6, "size": 5.0, "outcome": "down", "asset": "11325509108950694720568378589415134404735927095032587052670289882853025349217", "transaction_hash": "0x9d9a0d21ab14e1f5e27195df4ed09d44d4957aa92366e3a2583fac714d3b0b26", "source": "polymarket"}
{"timestamp_utc": "2026-03-26T14:35:09Z", "market_key": "SOL5M_2026-03-26T14:40:00Z", "condition_id": "0x2a31b97f4b9f768d59c0a23f3bbc8c2b2adb70fa37b13d021947f7acf0637705", "trade_id": "0xcfb5c12c0491ae43c03121ce956ba3ece5d62c4003ba61f12065e09bdf2c84f2:11325509108950694720568378589415134404735927095032587052670289882853025349217:1774535709", "side": "buy", "price": 0.59, "size": 8.19, "outcome": "down", "asset": "11325509108950694720568378589415134404735927095032587052670289882853025349217", "transaction_hash": "0xcfb5c12c0491ae43c03121ce956ba3ece5d62c4003ba61f12065e09bdf2c84f2", "source": "polymarket"}
{"timestamp_utc": "2026-03-26T14:35:09Z", "market_key": "SOL5M_2026-03-26T14:40:00Z", "condition_id": "0x2a31b97f4b9f768d59c0a23f3bbc8c2b2adb70fa37b13d021947f7acf0637705", "trade_id": "0x1c6afc19e3a7ddebdd3fb8d4a6f5446c9f88ade5e2641d65d74eaf0c6f128dd2:11325509108950694720568378589415134404735927095032587052670289882853025349217:1774535709", "side": "buy", "price": 0.58, "size": 15.0, "outcome": "down", "asset": "11325509108950694720568378589415134404735927095032587052670289882853025349217", "transaction_hash": "0x1c6afc19e3a7ddebdd3fb8d4a6f5446c9f88ade5e2641d65d74eaf0c6f128dd2", "source": "polymarket"}
{"timestamp_utc": "2026-03-26T14:35:09Z", "market_key": "SOL5M_2026-03-26T14:40:00Z", "condition_id": "0x2a31b97f4b9f768d59c0a23f3bbc8c2b2adb70fa37b13d021947f7acf0637705", "trade_id": "0x2568cb74608b1534f2e09bb6ac246c3f68252b983a0fba8abfd738ae5ce9cb2d:11325509108950694720568378589415134404735927095032587052670289882853025349217:1774535709", "side": "buy", "price": 0.59, "size": 15.0, "outcome": "down", "asset": "11325509108950694720568378589415134404735927095032587052670289882853025349217", "transaction_hash": "0x2568cb74608b1534f2e09bb6ac246c3f68252b983a0fba8abfd738ae5ce9cb2d", "source": "polymarket"}
{"timestamp_utc": "2026-03-26T14:35:09Z", "market_key": "SOL5M_2026-03-26T14:40:00Z", "condition_id": "0x2a31b97f4b9f768d59c0a23f3bbc8c2b2adb70fa37b13d021947f7acf0637705", "trade_id": "0xefb2092c251fc8905248db90e4841d980ee3989e56c9490b26fab735fb0d3c12:11325509108950694720568378589415134404735927095032587052670289882853025349217:1774535709", "side": "buy", "price": 0.59, "size": 5.81, "outcome": "down", "asset": "11325509108950694720568378589415134404735927095032587052670289882853025349217", "transaction_hash": "0xefb2092c251fc8905248db90e4841d980ee3989e56c9490b26fab735fb0d3c12", "source": "polymarket"}
{"timestamp_utc": "2026-03-26T14:35:09Z", "market_key": "SOL5M_2026-03-26T14:40:00Z", "condition_id": "0x2a31b97f4b9f768d59c0a23f3bbc8c2b2adb70fa37b13d021947f7acf0637705", "trade_id": "0xe58a59161a0c6095669e607ab3f94924a745da5baaa24bb6f775246235723359:55186442958956686719751431003779259902035050014966909041859135245056045543633:1774535709", "side": "sell", "price": 0.42, "size": 17.16, "outcome": "up", "asset": "55186442958956686719751431003779259902035050014966909041859135245056045543633", "transaction_hash": "0xe58a59161a0c6095669e607ab3f94924a745da5baaa24bb6f775246235723359", "source": "polymarket"}
{"timestamp_utc": "2026-03-26T14:35:09Z", "market_key": "SOL5M_2026-03-26T14:40:00Z", "condition_id": "0x2a31b97f4b9f768d59c0a23f3bbc8c2b2adb70fa37b13d021947f7acf0637705", "trade_id": "0xf10bcf2b55572757a1060e37f15299e99389faef51a7934ed8ec044149b4b643:11325509108950694720568378589415134404735927095032587052670289882853025349217:1774535709", "side": "buy", "price": 0.58, "size": 2.14, "outcome": "down", "asset": "11325509108950694720568378589415134404735927095032587052670289882853025349217", "transaction_hash": "0xf10bcf2b55572757a1060e37f15299e99389faef51a7934ed8ec044149b4b643", "source": "polymarket"}
{"timestamp_utc": "2026-03-26T14:35:09Z", "market_key": "SOL5M_2026-03-26T14:40:00Z", "condition_id": "0x2a31b97f4b9f768d59c0a23f3bbc8c2b2adb70fa37b13d021947f7acf0637705", "trade_id": "0x5f686fe6c08cb3a4db7e4431c74a926e0ba3460c52e1b4c6d2a5a65b9ce4ee26:55186442958956686719751431003779259902035050014966909041859135245056045543633:1774535709", "side": "buy", "price": 0.44192840849271803, "size": 56.99, "outcome": "up", "asset": "55186442958956686719751431003779259902035050014966909041859135245056045543633", "transaction_hash": "0x5f686fe6c08cb3a4db7e4431c74a926e0ba3460c52e1b4c6d2a5a65b9ce4ee26", "source": "polymarket"}
{"timestamp_utc": "2026-03-26T14:35:09Z", "market_key": "SOL5M_2026-03-26T14:40:00Z", "condition_id": "0x2a31b97f4b9f768d59c0a23f3bbc8c2b2adb70fa37b13d021947f7acf0637705", "trade_id": "0x713620226834b0446067f8f161a57f3e1cfa9ec0abbb1c5c250652061e8aa9c7:55186442958956686719751431003779259902035050014966909041859135245056045543633:1774535709", "side": "buy", "price": 0.45, "size": 8.33, "outcome": "up", "asset": "55186442958956686719751431003779259902035050014966909041859135245056045543633", "transaction_hash": "0x713620226834b0446067f8f161a57f3e1cfa9ec0abbb1c5c250652061e8aa9c7", "source": "polymarket"}
{"timestamp_utc": "2026-03-26T14:35:11Z", "market_key": "SOL5M_2026-03-26T14:40:00Z", "condition_id": "0x2a31b97f4b9f768d59c0a23f3bbc8c2b2adb70fa37b13d021947f7acf0637705", "trade_id": "0xbd8de57840b3ee17c782c2032bc4146b99799a38f33c85829f0828777831c5e5:55186442958956686719751431003779259902035050014966909041859135245056045543633:1774535711", "side": "buy", "price": 0.36, "size": 16.22, "outcome": "up", "asset": "55186442958956686719751431003779259902035050014966909041859135245056045543633", "transaction_hash": "0xbd8de57840b3ee17c782c2032bc4146b99799a38f33c85829f0828777831c5e5", "source": "polymarket"}
{"timestamp_utc": "2026-03-26T14:35:11Z", "market_key": "SOL5M_2026-03-26T14:40:00Z", "condition_id": "0x2a31b97f4b9f768d59c0a23f3bbc8c2b2adb70fa37b13d021947f7acf0637705", "trade_id": "0x07c8c995236f688d1a08e99152c5ca72a4873cb26a4916b9e045d37dcc9620f3:55186442958956686719751431003779259902035050014966909041859135245056045543633:1774535711", "side": "sell", "price": 0.35, "size": 12.55, "outcome": "up", "asset": "55186442958956686719751431003779259902035050014966909041859135245056045543633", "transaction_hash": "0x07c8c995236f688d1a08e99152c5ca72a4873cb26a4916b9e045d37dcc9620f3", "source": "polymarket"}
{"timestamp_utc": "2026-03-26T14:35:11Z", "market_key": "SOL5M_2026-03-26T14:40:00Z", "condition_id": "0x2a31b97f4b9f768d59c0a23f3bbc8c2b2adb70fa37b13d021947f7acf0637705", "trade_id": "0xeb9ff6636089ef125f2bcfbde73f0fe393b5eb63220f364314d3f0c56b834836:55186442958956686719751431003779259902035050014966909041859135245056045543633:1774535711", "side": "buy", "price": 0.36, "size": 5.0, "outcome": "up", "asset": "55186442958956686719751431003779259902035050014966909041859135245056045543633", "transaction_hash": "0xeb9ff6636089ef125f2bcfbde73f0fe393b5eb63220f364314d3f0c56b834836", "source": "polymarket"}
{"timestamp_utc": "2026-03-26T14:35:11Z", "market_key": "SOL5M_2026-03-26T14:40:00Z", "condition_id": "0x2a31b97f4b9f768d59c0a23f3bbc8c2b2adb70fa37b13d021947f7acf0637705", "trade_id": "0x4aedbe14e165c02919b74a2488d4b50f80dba42076166b7b03a672e2978110c4:11325509108950694720568378589415134404735927095032587052670289882853025349217:1774535711", "side": "buy", "price": 0.64, "size": 3.125, "outcome": "down", "asset": "11325509108950694720568378589415134404735927095032587052670289882853025349217", "transaction_hash": "0x4aedbe14e165c02919b74a2488d4b50f80dba42076166b7b03a672e2978110c4", "source": "polymarket"}
{"timestamp_utc": "2026-03-26T14:35:11Z", "market_key": "SOL5M_2026-03-26T14:40:00Z", "condition_id": "0x2a31b97f4b9f768d59c0a23f3bbc8c2b2adb70fa37b13d021947f7acf0637705", "trade_id": "0x4dc6c3d7ba8eda7a52c0297cbb901bcbc0fa7f3d2c7c4e31274c8e344f0ddf16:55186442958956686719751431003779259902035050014966909041859135245056045543633:1774535711", "side": "sell", "price": 0.36, "size": 3.86, "outcome": "up", "asset": "55186442958956686719751431003779259902035050014966909041859135245056045543633", "transaction_hash": "0x4dc6c3d7ba8eda7a52c0297cbb901bcbc0fa7f3d2c7c4e31274c8e344f0ddf16", "source": "polymarket"}
{"timestamp_utc": "2026-03-26T14:35:13Z", "market_key": "SOL5M_2026-03-26T14:40:00Z", "condition_id": "0x2a31b97f4b9f768d59c0a23f3bbc8c2b2adb70fa37b13d021947f7acf0637705", "trade_id": "0xe2ae6c57b1de67a0f71b507ddcef4152de6451b2fdc89bcb29d35b965c774654:11325509108950694720568378589415134404735927095032587052670289882853025349217:1774535713", "side": "buy", "price": 0.65, "size": 5.0, "outcome": "down", "asset": "11325509108950694720568378589415134404735927095032587052670289882853025349217", "transaction_hash": "0xe2ae6c57b1de67a0f71b507ddcef4152de6451b2fdc89bcb29d35b965c774654", "source": "polymarket"}
{"timestamp_utc": "2026-03-26T14:35:13Z", "market_key": "SOL5M_2026-03-26T14:40:00Z", "condition_id": "0x2a31b97f4b9f768d59c0a23f3bbc8c2b2adb70fa37b13d021947f7acf0637705", "trade_id": "0xc2ea1512cb96d26796a2249d2385d863e94ec2a53906384f9e0b8e113b69e997:55186442958956686719751431003779259902035050014966909041859135245056045543633:1774535713", "side": "buy", "price": 0.35999993772970684, "size": 5.138887, "outcome": "up", "asset": "55186442958956686719751431003779259902035050014966909041859135245056045543633", "transaction_hash": "0xc2ea1512cb96d26796a2249d2385d863e94ec2a53906384f9e0b8e113b69e997", "source": "polymarket"}
{"timestamp_utc": "2026-03-26T14:35:13Z", "market_key": "SOL5M_2026-03-26T14:40:00Z", "condition_id": "0x2a31b97f4b9f768d59c0a23f3bbc8c2b2adb70fa37b13d021947f7acf0637705", "trade_id": "0x06c8ca395e0ba45cf60051acc8260e6ff621287087f44de34d6fb727f3d8a57a:55186442958956686719751431003779259902035050014966909041859135245056045543633:1774535713", "side": "buy", "price": 0.36, "size": 5.0, "outcome": "up", "asset": "55186442958956686719751431003779259902035050014966909041859135245056045543633", "transaction_hash": "0x06c8ca395e0ba45cf60051acc8260e6ff621287087f44de34d6fb727f3d8a57a", "source": "polymarket"}
{"timestamp_utc": "2026-03-26T14:35:13Z", "market_key": "SOL5M_2026-03-26T14:40:00Z", "condition_id": "0x2a31b97f4b9f768d59c0a23f3bbc8c2b2adb70fa37b13d021947f7acf0637705", "trade_id": "0xcdf294b4370464287c4e13b50ca0635000ea683677cb1ad9af7c2568462e53b4:55186442958956686719751431003779259902035050014966909041859135245056045543633:1774535713", "side": "buy", "price": 0.36, "size": 75.0, "outcome": "up", "asset": "55186442958956686719751431003779259902035050014966909041859135245056045543633", "transaction_hash": "0xcdf294b4370464287c4e13b50ca0635000ea683677cb1ad9af7c2568462e53b4", "source": "polymarket"}
{"timestamp_utc": "2026-03-26T14:35:13Z", "market_key": "SOL5M_2026-03-26T14:40:00Z", "condition_id": "0x2a31b97f4b9f768d59c0a23f3bbc8c2b2adb70fa37b13d021947f7acf0637705", "trade_id": "0xbaf002c46bc3119619073464f93b49bffeddd69715dfb4bc1445845cedc6e1b0:55186442958956686719751431003779259902035050014966909041859135245056045543633:1774535713", "side": "buy", "price": 0.36, "size": 5.55, "outcome": "up", "asset": "55186442958956686719751431003779259902035050014966909041859135245056045543633", "transaction_hash": "0xbaf002c46bc3119619073464f93b49bffeddd69715dfb4bc1445845cedc6e1b0", "source": "polymarket"}
{"timestamp_utc": "2026-03-26T14:35:13Z", "market_key": "SOL5M_2026-03-26T14:40:00Z", "condition_id": "0x2a31b97f4b9f768d59c0a23f3bbc8c2b2adb70fa37b13d021947f7acf0637705", "trade_id": "0xa0dd404c13fe9e9982038d1a8a308a74eb20ba5ec114fa111db5863a3f05cc4b:55186442958956686719751431003779259902035050014966909041859135245056045543633:1774535713", "side": "buy", "price": 0.36, "size": 5.2, "outcome": "up", "asset": "55186442958956686719751431003779259902035050014966909041859135245056045543633", "transaction_hash": "0xa0dd404c13fe9e9982038d1a8a308a74eb20ba5ec114fa111db5863a3f05cc4b", "source": "polymarket"}
{"timestamp_utc": "2026-03-26T14:35:13Z", "market_key": "SOL5M_2026-03-26T14:40:00Z", "condition_id": "0x2a31b97f4b9f768d59c0a23f3bbc8c2b2adb70fa37b13d021947f7acf0637705", "trade_id": "0x4d7b8343d5fdb9f0708473b423a6443ffe070b2858eca93da8b8d7363a072201:11325509108950694720568378589415134404735927095032587052670289882853025349217:1774535713", "side": "buy", "price": 0.6499999674999887, "size": 7.692305, "outcome": "down", "asset": "11325509108950694720568378589415134404735927095032587052670289882853025349217", "transaction_hash": "0x4d7b8343d5fdb9f0708473b423a6443ffe070b2858eca93da8b8d7363a072201", "source": "polymarket"}
{"timestamp_utc": "2026-03-26T14:35:13Z", "market_key": "SOL5M_2026-03-26T14:40:00Z", "condition_id": "0x2a31b97f4b9f768d59c0a23f3bbc8c2b2adb70fa37b13d021947f7acf0637705", "trade_id": "0x0e7b9b35f69bbf55e7c8861f4453871f19e1bf302aec7843bc3ee28326fa1ebc:11325509108950694720568378589415134404735927095032587052670289882853025349217:1774535713", "side": "buy", "price": 0.65, "size": 22.0, "outcome": "down", "asset": "11325509108950694720568378589415134404735927095032587052670289882853025349217", "transaction_hash": "0x0e7b9b35f69bbf55e7c8861f4453871f19e1bf302aec7843bc3ee28326fa1ebc", "source": "polymarket"}
{"timestamp_utc": "2026-03-26T14:35:15Z", "market_key": "SOL5M_2026-03-26T14:40:00Z", "condition_id": "0x2a31b97f4b9f768d59c0a23f3bbc8c2b2adb70fa37b13d021947f7acf0637705", "trade_id": "0xfcbe68d0782f4bd2a40bf19c0e41b65dc1a67deb82c5b184a3f83c440f3e2d68:55186442958956686719751431003779259902035050014966909041859135245056045543633:1774535715", "side": "buy", "price": 0.36, "size": 3.0, "outcome": "up", "asset": "55186442958956686719751431003779259902035050014966909041859135245056045543633", "transaction_hash": "0xfcbe68d0782f4bd2a40bf19c0e41b65dc1a67deb82c5b184a3f83c440f3e2d68", "source": "polymarket"}
{"timestamp_utc": "2026-03-26T14:35:15Z", "market_key": "SOL5M_2026-03-26T14:40:00Z", "condition_id": "0x2a31b97f4b9f768d59c0a23f3bbc8c2b2adb70fa37b13d021947f7acf0637705", "trade_id": "0x87df1a96b1cab98fae48e9ad47cf917286923fd15490d63284adf5beafbd4c32:55186442958956686719751431003779259902035050014966909041859135245056045543633:1774535715", "side": "buy", "price": 0.34999991101693406, "size": 6.742856, "outcome": "up", "asset": "55186442958956686719751431003779259902035050014966909041859135245056045543633", "transaction_hash": "0x87df1a96b1cab98fae48e9ad47cf917286923fd15490d63284adf5beafbd4c32", "source": "polymarket"}
{"timestamp_utc": "2026-03-26T14:35:15Z", "market_key": "SOL5M_2026-03-26T14:40:00Z", "condition_id": "0x2a31b97f4b9f768d59c0a23f3bbc8c2b2adb70fa37b13d021947f7acf0637705", "trade_id": "0xac380c6391401fe347a195267283dd1541aa69570ef74fe25f49ea48b600f4ba:55186442958956686719751431003779259902035050014966909041859135245056045543633:1774535715", "side": "buy", "price": 0.35, "size": 5.0, "outcome": "up", "asset": "55186442958956686719751431003779259902035050014966909041859135245056045543633", "transaction_hash": "0xac380c6391401fe347a195267283dd1541aa69570ef74fe25f49ea48b600f4ba", "source": "polymarket"}
{"timestamp_utc": "2026-03-26T14:35:15Z", "market_key": "SOL5M_2026-03-26T14:40:00Z", "condition_id": "0x2a31b97f4b9f768d59c0a23f3bbc8c2b2adb70fa37b13d021947f7acf0637705", "trade_id": "0x263f64a6b9d764b20aaed7270ab888158048db0442426f2ca211fcb9b9ab1871:11325509108950694720568378589415134404735927095032587052670289882853025349217:1774535715", "side": "buy", "price": 0.65, "size": 5.0, "outcome": "down", "asset": "11325509108950694720568378589415134404735927095032587052670289882853025349217", "transaction_hash": "0x263f64a6b9d764b20aaed7270ab888158048db0442426f2ca211fcb9b9ab1871", "source": "polymarket"}
{"timestamp_utc": "2026-03-26T14:35:15Z", "market_key": "SOL5M_2026-03-26T14:40:00Z", "condition_id": "0x2a31b97f4b9f768d59c0a23f3bbc8c2b2adb70fa37b13d021947f7acf0637705", "trade_id": "0x36ff7cc7a89bb57969805e97887a0adf36cdf3530acd6e0f5041e4f25460eb5f:55186442958956686719751431003779259902035050014966909041859135245056045543633:1774535715", "side": "buy", "price": 0.3499999078947126, "size": 5.42857, "outcome": "up", "asset": "55186442958956686719751431003779259902035050014966909041859135245056045543633", "transaction_hash": "0x36ff7cc7a89bb57969805e97887a0adf36cdf3530acd6e0f5041e4f25460eb5f", "source": "polymarket"}
{"timestamp_utc": "2026-03-26T14:35:15Z", "market_key": "SOL5M_2026-03-26T14:40:00Z", "condition_id": "0x2a31b97f4b9f768d59c0a23f3bbc8c2b2adb70fa37b13d021947f7acf0637705", "trade_id": "0x5a24d35e838bb6ba9fcb5acb95594747a156c420f2b654764edfcedd21e700a3:55186442958956686719751431003779259902035050014966909041859135245056045543633:1774535715", "side": "sell", "price": 0.33, "size": 9.82, "outcome": "up", "asset": "55186442958956686719751431003779259902035050014966909041859135245056045543633", "transaction_hash": "0x5a24d35e838bb6ba9fcb5acb95594747a156c420f2b654764edfcedd21e700a3", "source": "polymarket"}
{"timestamp_utc": "2026-03-26T14:35:15Z", "market_key": "SOL5M_2026-03-26T14:40:00Z", "condition_id": "0x2a31b97f4b9f768d59c0a23f3bbc8c2b2adb70fa37b13d021947f7acf0637705", "trade_id": "0xe35304788995c63684f60ed1eff02cd0c683e066d15d5a171eda26ec2b51b4f9:11325509108950694720568378589415134404735927095032587052670289882853025349217:1774535715", "side": "buy", "price": 0.6614757839216635, "size": 5.865669, "outcome": "down", "asset": "11325509108950694720568378589415134404735927095032587052670289882853025349217", "transaction_hash": "0xe35304788995c63684f60ed1eff02cd0c683e066d15d5a171eda26ec2b51b4f9", "source": "polymarket"}
{"timestamp_utc": "2026-03-26T14:35:17Z", "market_key": "SOL5M_2026-03-26T14:40:00Z", "condition_id": "0x2a31b97f4b9f768d59c0a23f3bbc8c2b2adb70fa37b13d021947f7acf0637705", "trade_id": "0x63884c9d91348146d4ac19ed2dd9fa50066cc94280376be55a1f269ab8263d30:55186442958956686719751431003779259902035050014966909041859135245056045543633:1774535717", "side": "buy", "price": 0.34999991923074647, "size": 5.571427, "outcome": "up", "asset": "55186442958956686719751431003779259902035050014966909041859135245056045543633", "transaction_hash": "0x63884c9d91348146d4ac19ed2dd9fa50066cc94280376be55a1f269ab8263d30", "source": "polymarket"}
{"timestamp_utc": "2026-03-26T14:35:17Z", "market_key": "SOL5M_2026-03-26T14:40:00Z", "condition_id": "0x2a31b97f4b9f768d59c0a23f3bbc8c2b2adb70fa37b13d021947f7acf0637705", "trade_id": "0x506bae7f4825a1014168c30fcd7d246ecdd60096e29bcaeabef61eed3ae8ea15:55186442958956686719751431003779259902035050014966909041859135245056045543633:1774535717", "side": "buy", "price": 0.349999882621919, "size": 4.685713, "outcome": "up", "asset": "55186442958956686719751431003779259902035050014966909041859135245056045543633", "transaction_hash": "0x506bae7f4825a1014168c30fcd7d246ecdd60096e29bcaeabef61eed3ae8ea15", "source": "polymarket"}
{"timestamp_utc": "2026-03-26T14:35:17Z", "market_key": "SOL5M_2026-03-26T14:40:00Z", "condition_id": "0x2a31b97f4b9f768d59c0a23f3bbc8c2b2adb70fa37b13d021947f7acf0637705", "trade_id": "0xc607521d15fd307ff6eaf92887702a12a7895e15ba431ebe099ede2aa5fa7c68:11325509108950694720568378589415134404735927095032587052670289882853025349217:1774535717", "side": "buy", "price": 0.6599998943999641, "size": 3.030302, "outcome": "down", "asset": "11325509108950694720568378589415134404735927095032587052670289882853025349217", "transaction_hash": "0xc607521d15fd307ff6eaf92887702a12a7895e15ba431ebe099ede2aa5fa7c68", "source": "polymarket"}
{"timestamp_utc": "2026-03-26T14:35:17Z", "market_key": "SOL5M_2026-03-26T14:40:00Z", "condition_id": "0x2a31b97f4b9f768d59c0a23f3bbc8c2b2adb70fa37b13d021947f7acf0637705", "trade_id": "0x27853861d0e9e72d073c5751f763180608209f126a9cf95dbf523f234c2c02ad:55186442958956686719751431003779259902035050014966909041859135245056045543633:1774535717", "side": "buy", "price": 0.349999929999979, "size": 5.714284, "outcome": "up", "asset": "55186442958956686719751431003779259902035050014966909041859135245056045543633", "transaction_hash": "0x27853861d0e9e72d073c5751f763180608209f126a9cf95dbf523f234c2c02ad", "source": "polymarket"}
{"timestamp_utc": "2026-03-26T14:35:17Z", "market_key": "SOL5M_2026-03-26T14:40:00Z", "condition_id": "0x2a31b97f4b9f768d59c0a23f3bbc8c2b2adb70fa37b13d021947f7acf0637705", "trade_id": "0xeb1cff61fd5bbcf78268146d55db1eb3ebf21bdafdc462d71a8d918c3f728440:55186442958956686719751431003779259902035050014966909041859135245056045543633:1774535717", "side": "buy", "price": 0.3499998959459206, "size": 5.285713, "outcome": "up", "asset": "55186442958956686719751431003779259902035050014966909041859135245056045543633", "transaction_hash": "0xeb1cff61fd5bbcf78268146d55db1eb3ebf21bdafdc462d71a8d918c3f728440", "source": "polymarket"}
{"timestamp_utc": "2026-03-26T14:35:19Z", "market_key": "SOL5M_2026-03-26T14:40:00Z", "condition_id": "0x2a31b97f4b9f768d59c0a23f3bbc8c2b2adb70fa37b13d021947f7acf0637705", "trade_id": "0xd7bc5246699b70d145a2868c7946d4a8fe5f5a2d5c28af0b9e42191c3f8ce018:55186442958956686719751431003779259902035050014966909041859135245056045543633:1774535719", "side": "buy", "price": 0.35, "size": 4.8, "outcome": "up", "asset": "55186442958956686719751431003779259902035050014966909041859135245056045543633", "transaction_hash": "0xd7bc5246699b70d145a2868c7946d4a8fe5f5a2d5c28af0b9e42191c3f8ce018", "source": "polymarket"}
{"timestamp_utc": "2026-03-26T14:35:19Z", "market_key": "SOL5M_2026-03-26T14:40:00Z", "condition_id": "0x2a31b97f4b9f768d59c0a23f3bbc8c2b2adb70fa37b13d021947f7acf0637705", "trade_id": "0xe29abf1cc78989ffe760dee14f5a34b1ca03b6750631e4fec0bba36184d535e0:55186442958956686719751431003779259902035050014966909041859135245056045543633:1774535719", "side": "buy", "price": 0.3699999264204274, "size": 4.756755, "outcome": "up", "asset": "55186442958956686719751431003779259902035050014966909041859135245056045543633", "transaction_hash": "0xe29abf1cc78989ffe760dee14f5a34b1ca03b6750631e4fec0bba36184d535e0", "source": "polymarket"}
{"timestamp_utc": "2026-03-26T14:35:19Z", "market_key": "SOL5M_2026-03-26T14:40:00Z", "condition_id": "0x2a31b97f4b9f768d59c0a23f3bbc8c2b2adb70fa37b13d021947f7acf0637705", "trade_id": "0x19c8483795e8277c162ec580dc263867ff459dd154245802e665ee2b3ca0e472:55186442958956686719751431003779259902035050014966909041859135245056045543633:1774535719", "side": "buy", "price": 0.3699999161046214, "size": 4.648647, "outcome": "up", "asset": "55186442958956686719751431003779259902035050014966909041859135245056045543633", "transaction_hash": "0x19c8483795e8277c162ec580dc263867ff459dd154245802e665ee2b3ca0e472", "source": "polymarket"}
{"timestamp_utc": "2026-03-26T14:35:19Z", "market_key": "SOL5M_2026-03-26T14:40:00Z", "condition_id": "0x2a31b97f4b9f768d59c0a23f3bbc8c2b2adb70fa37b13d021947f7acf0637705", "trade_id": "0x5ca64f933a6d4fa2247b60ddf5daa240c98db5faa83402e4fcccd5b4ee267ebc:55186442958956686719751431003779259902035050014966909041859135245056045543633:1774535719", "side": "buy", "price": 0.38756807460361004, "size": 3.947691, "outcome": "up", "asset": "55186442958956686719751431003779259902035050014966909041859135245056045543633", "transaction_hash": "0x5ca64f933a6d4fa2247b60ddf5daa240c98db5faa83402e4fcccd5b4ee267ebc", "source": "polymarket"}
{"timestamp_utc": "2026-03-26T14:35:19Z", "market_key": "SOL5M_2026-03-26T14:40:00Z", "condition_id": "0x2a31b97f4b9f768d59c0a23f3bbc8c2b2adb70fa37b13d021947f7acf0637705", "trade_id": "0xf320ff07222750deee3f3a4f11f35a2ad34bc60d51d86021ec5e926c9ea56a47:55186442958956686719751431003779259902035050014966909041859135245056045543633:1774535719", "side": "buy", "price": 0.3799999656673472, "size": 12.815788, "outcome": "up", "asset": "55186442958956686719751431003779259902035050014966909041859135245056045543633", "transaction_hash": "0xf320ff07222750deee3f3a4f11f35a2ad34bc60d51d86021ec5e926c9ea56a47", "source": "polymarket"}
{"timestamp_utc": "2026-03-26T14:35:19Z", "market_key": "SOL5M_2026-03-26T14:40:00Z", "condition_id": "0x2a31b97f4b9f768d59c0a23f3bbc8c2b2adb70fa37b13d021947f7acf0637705", "trade_id": "0x369297886360c40af4289802ec09122ad2c1835178f374dedd27436829a837d8:55186442958956686719751431003779259902035050014966909041859135245056045543633:1774535719", "side": "buy", "price": 0.3799999553990558, "size": 11.210525, "outcome": "up", "asset": "55186442958956686719751431003779259902035050014966909041859135245056045543633", "transaction_hash": "0x369297886360c40af4289802ec09122ad2c1835178f374dedd27436829a837d8", "source": "polymarket"}
{"timestamp_utc": "2026-03-26T14:35:19Z", "market_key": "SOL5M_2026-03-26T14:40:00Z", "condition_id": "0x2a31b97f4b9f768d59c0a23f3bbc8c2b2adb70fa37b13d021947f7acf0637705", "trade_id": "0x685a8061bdd279e35c1ed23d4e27b1fabbb72b0a4f0b5107e8524c58cce300b6:55186442958956686719751431003779259902035050014966909041859135245056045543633:1774535719", "side": "buy", "price": 0.35, "size": 0.2, "outcome": "up", "asset": "55186442958956686719751431003779259902035050014966909041859135245056045543633", "transaction_hash": "0x685a8061bdd279e35c1ed23d4e27b1fabbb72b0a4f0b5107e8524c58cce300b6", "source": "polymarket"}
{"timestamp_utc": "2026-03-26T14:35:21Z", "market_key": "SOL5M_2026-03-26T14:40:00Z", "condition_id": "0x2a31b97f4b9f768d59c0a23f3bbc8c2b2adb70fa37b13d021947f7acf0637705", "trade_id": "0xc3f7ac25cf30c5e34a4421d11caac04d21d85bca130fcb7188ec71ec70fc2614:55186442958956686719751431003779259902035050014966909041859135245056045543633:1774535721", "side": "buy", "price": 0.37, "size": 0.02, "outcome": "up", "asset": "55186442958956686719751431003779259902035050014966909041859135245056045543633", "transaction_hash": "0xc3f7ac25cf30c5e34a4421d11caac04d21d85bca130fcb7188ec71ec70fc2614", "source": "polymarket"}
{"timestamp_utc": "2026-03-26T14:35:21Z", "market_key": "SOL5M_2026-03-26T14:40:00Z", "condition_id": "0x2a31b97f4b9f768d59c0a23f3bbc8c2b2adb70fa37b13d021947f7acf0637705", "trade_id": "0x8dddfbb4d438f2b7d865bd9040e6e21de38a9325d18fbb3dbd28d10493208752:55186442958956686719751431003779259902035050014966909041859135245056045543633:1774535721", "side": "buy", "price": 0.3699999457065002, "size": 4.972971, "outcome": "up", "asset": "55186442958956686719751431003779259902035050014966909041859135245056045543633", "transaction_hash": "0x8dddfbb4d438f2b7d865bd9040e6e21de38a9325d18fbb3dbd28d10493208752", "source": "polymarket"}
{"timestamp_utc": "2026-03-26T14:35:21Z", "market_key": "SOL5M_2026-03-26T14:40:00Z", "condition_id": "0x2a31b97f4b9f768d59c0a23f3bbc8c2b2adb70fa37b13d021947f7acf0637705", "trade_id": "0xc39ce18ae661c7b21652f3fc661d4f3614063613d50cc853b043ec3c0aa4c736:55186442958956686719751431003779259902035050014966909041859135245056045543633:1774535721", "side": "buy", "price": 0.36999993627775335, "size": 4.864863, "outcome": "up", "asset": "55186442958956686719751431003779259902035050014966909041859135245056045543633", "transaction_hash": "0xc39ce18ae661c7b21652f3fc661d4f3614063613d50cc853b043ec3c0aa4c736", "source": "polymarket"}
{"timestamp_utc": "2026-03-26T14:35:23Z", "market_key": "SOL5M_2026-03-26T14:40:00Z", "condition_id": "0x2a31b97f4b9f768d59c0a23f3bbc8c2b2adb70fa37b13d021947f7acf0637705", "trade_id": "0x571f921818417249b88cb2a57fd31ee895db40943721d796ed7b35652fbd21ed:55186442958956686719751431003779259902035050014966909041859135245056045543633:1774535723", "side": "buy", "price": 0.32, "size": 6.25, "outcome": "up", "asset": "55186442958956686719751431003779259902035050014966909041859135245056045543633", "transaction_hash": "0x571f921818417249b88cb2a57fd31ee895db40943721d796ed7b35652fbd21ed", "source": "polymarket"}
{"timestamp_utc": "2026-03-26T14:35:23Z", "market_key": "SOL5M_2026-03-26T14:40:00Z", "condition_id": "0x2a31b97f4b9f768d59c0a23f3bbc8c2b2adb70fa37b13d021947f7acf0637705", "trade_id": "0x4c294a2bafa76ff5d95cd8259d632970d1e9e3be1abfa599f9dfb05e71b606f4:11325509108950694720568378589415134404735927095032587052670289882853025349217:1774535723", "side": "buy", "price": 0.6699999826724042, "size": 5.194027, "outcome": "down", "asset": "11325509108950694720568378589415134404735927095032587052670289882853025349217", "transaction_hash": "0x4c294a2bafa76ff5d95cd8259d632970d1e9e3be1abfa599f9dfb05e71b606f4", "source": "polymarket"}
{"timestamp_utc": "2026-03-26T14:35:23Z", "market_key": "SOL5M_2026-03-26T14:40:00Z", "condition_id": "0x2a31b97f4b9f768d59c0a23f3bbc8c2b2adb70fa37b13d021947f7acf0637705", "trade_id": "0xa3cedc86ce2a7940633b1525be5c2026c28e9a3f3e709d23e9a1d917bddb56fa:11325509108950694720568378589415134404735927095032587052670289882853025349217:1774535723", "side": "buy", "price": 0.67, "size": 1.95, "outcome": "down", "asset": "11325509108950694720568378589415134404735927095032587052670289882853025349217", "transaction_hash": "0xa3cedc86ce2a7940633b1525be5c2026c28e9a3f3e709d23e9a1d917bddb56fa", "source": "polymarket"}
{"timestamp_utc": "2026-03-26T14:35:23Z", "market_key": "SOL5M_2026-03-26T14:40:00Z", "condition_id": "0x2a31b97f4b9f768d59c0a23f3bbc8c2b2adb70fa37b13d021947f7acf0637705", "trade_id": "0xab111868e20e26fb295777038936ea0c268ae0336927d58a593290b81f9f5e5d:55186442958956686719751431003779259902035050014966909041859135245056045543633:1774535723", "side": "sell", "price": 0.3329137529137529, "size": 17.16, "outcome": "up", "asset": "55186442958956686719751431003779259902035050014966909041859135245056045543633", "transaction_hash": "0xab111868e20e26fb295777038936ea0c268ae0336927d58a593290b81f9f5e5d", "source": "polymarket"}
{"timestamp_utc": "2026-03-26T14:35:25Z", "market_key": "SOL5M_2026-03-26T14:40:00Z", "condition_id": "0x2a31b97f4b9f768d59c0a23f3bbc8c2b2adb70fa37b13d021947f7acf0637705", "trade_id": "0x919c9ee783f43d09d7955afa9a3d17ee3f424ac11efb6e4b0617b74653a5216f:55186442958956686719751431003779259902035050014966909041859135245056045543633:1774535725", "side": "sell", "price": 0.38, "size": 2.96, "outcome": "up", "asset": "55186442958956686719751431003779259902035050014966909041859135245056045543633", "transaction_hash": "0x919c9ee783f43d09d7955afa9a3d17ee3f424ac11efb6e4b0617b74653a5216f", "source": "polymarket"}
{"timestamp_utc": "2026-03-26T14:35:25Z", "market_key": "SOL5M_2026-03-26T14:40:00Z", "condition_id": "0x2a31b97f4b9f768d59c0a23f3bbc8c2b2adb70fa37b13d021947f7acf0637705", "trade_id": "0xabd85515102491055f80f1324aa3526eec5c3f533b00aafad2374073ff1a1128:55186442958956686719751431003779259902035050014966909041859135245056045543633:1774535725", "side": "sell", "price": 0.38, "size": 5.0, "outcome": "up", "asset": "55186442958956686719751431003779259902035050014966909041859135245056045543633", "transaction_hash": "0xabd85515102491055f80f1324aa3526eec5c3f533b00aafad2374073ff1a1128", "source": "polymarket"}
{"timestamp_utc": "2026-03-26T14:35:25Z", "market_key": "SOL5M_2026-03-26T14:40:00Z", "condition_id": "0x2a31b97f4b9f768d59c0a23f3bbc8c2b2adb70fa37b13d021947f7acf0637705", "trade_id": "0x89d34dc6465cc8174ccdc5de34fe0e8ab73ef3bb2a374eda54d0caf8bfe89f59:11325509108950694720568378589415134404735927095032587052670289882853025349217:1774535725", "side": "buy", "price": 0.6276666666666667, "size": 12.0, "outcome": "down", "asset": "11325509108950694720568378589415134404735927095032587052670289882853025349217", "transaction_hash": "0x89d34dc6465cc8174ccdc5de34fe0e8ab73ef3bb2a374eda54d0caf8bfe89f59", "source": "polymarket"}
{"timestamp_utc": "2026-03-26T14:35:25Z", "market_key": "SOL5M_2026-03-26T14:40:00Z", "condition_id": "0x2a31b97f4b9f768d59c0a23f3bbc8c2b2adb70fa37b13d021947f7acf0637705", "trade_id": "0x8840c550632c9e458c1b19851745b5a7973392512915f29d5fda366d94fecce0:11325509108950694720568378589415134404735927095032587052670289882853025349217:1774535725", "side": "buy", "price": 0.6199999361764302, "size": 2.193547, "outcome": "down", "asset": "11325509108950694720568378589415134404735927095032587052670289882853025349217", "transaction_hash": "0x8840c550632c9e458c1b19851745b5a7973392512915f29d5fda366d94fecce0", "source": "polymarket"}
{"timestamp_utc": "2026-03-26T14:35:25Z", "market_key": "SOL5M_2026-03-26T14:40:00Z", "condition_id": "0x2a31b97f4b9f768d59c0a23f3bbc8c2b2adb70fa37b13d021947f7acf0637705", "trade_id": "0xcd61c6f448be81361ff883255b108f395b352b7f987239746a469c55728f7e60:55186442958956686719751431003779259902035050014966909041859135245056045543633:1774535725", "side": "buy", "price": 0.37999997673469055, "size": 12.894735, "outcome": "up", "asset": "55186442958956686719751431003779259902035050014966909041859135245056045543633", "transaction_hash": "0xcd61c6f448be81361ff883255b108f395b352b7f987239746a469c55728f7e60", "source": "polymarket"}
{"timestamp_utc": "2026-03-26T14:35:25Z", "market_key": "SOL5M_2026-03-26T14:40:00Z", "condition_id": "0x2a31b97f4b9f768d59c0a23f3bbc8c2b2adb70fa37b13d021947f7acf0637705", "trade_id": "0x096292bd922ff1f7584546d9ff2f554d10d210ece1e36b77147a4aca26472f66:11325509108950694720568378589415134404735927095032587052670289882853025349217:1774535725", "side": "buy", "price": 0.67, "size": 2.0, "outcome": "down", "asset": "11325509108950694720568378589415134404735927095032587052670289882853025349217", "transaction_hash": "0x096292bd922ff1f7584546d9ff2f554d10d210ece1e36b77147a4aca26472f66", "source": "polymarket"}
{"timestamp_utc": "2026-03-26T14:35:27Z", "market_key": "SOL5M_2026-03-26T14:40:00Z", "condition_id": "0x2a31b97f4b9f768d59c0a23f3bbc8c2b2adb70fa37b13d021947f7acf0637705", "trade_id": "0xec4ee31e513efb79255e39ce096fc6d0927b4cbbd5ae70f95d4b66beb6df6732:55186442958956686719751431003779259902035050014966909041859135245056045543633:1774535727", "side": "buy", "price": 0.38, "size": 15.0, "outcome": "up", "asset": "55186442958956686719751431003779259902035050014966909041859135245056045543633", "transaction_hash": "0xec4ee31e513efb79255e39ce096fc6d0927b4cbbd5ae70f95d4b66beb6df6732", "source": "polymarket"}
{"timestamp_utc": "2026-03-26T14:35:27Z", "market_key": "SOL5M_2026-03-26T14:40:00Z", "condition_id": "0x2a31b97f4b9f768d59c0a23f3bbc8c2b2adb70fa37b13d021947f7acf0637705", "trade_id": "0xc856d462076a3f2d4fccf8ac7e944d7c8037bcb1b878a9ceb655db438e45b0d9:11325509108950694720568378589415134404735927095032587052670289882853025349217:1774535727", "side": "buy", "price": 0.629999896499943, "size": 2.222221, "outcome": "down", "asset": "11325509108950694720568378589415134404735927095032587052670289882853025349217", "transaction_hash": "0xc856d462076a3f2d4fccf8ac7e944d7c8037bcb1b878a9ceb655db438e45b0d9", "source": "polymarket"}
{"timestamp_utc": "2026-03-26T14:35:27Z", "market_key": "SOL5M_2026-03-26T14:40:00Z", "condition_id": "0x2a31b97f4b9f768d59c0a23f3bbc8c2b2adb70fa37b13d021947f7acf0637705", "trade_id": "0x940a45b464c4dc00d4244086368ba3c848791b00a2db5240d788b7ac9cb850e8:11325509108950694720568378589415134404735927095032587052670289882853025349217:1774535727", "side": "buy", "price": 0.63, "size": 5.0, "outcome": "down", "asset": "11325509108950694720568378589415134404735927095032587052670289882853025349217", "transaction_hash": "0x940a45b464c4dc00d4244086368ba3c848791b00a2db5240d788b7ac9cb850e8", "source": "polymarket"}
{"timestamp_utc": "2026-03-26T14:35:27Z", "market_key": "SOL5M_2026-03-26T14:40:00Z", "condition_id": "0x2a31b97f4b9f768d59c0a23f3bbc8c2b2adb70fa37b13d021947f7acf0637705", "trade_id": "0xf3f2c67c89a5e16e40accf1810edd9353443abea1c23375db376d0a1811ffae1:11325509108950694720568378589415134404735927095032587052670289882853025349217:1774535727", "side": "buy", "price": 0.6199999550724344, "size": 2.225805, "outcome": "down", "asset": "11325509108950694720568378589415134404735927095032587052670289882853025349217", "transaction_hash": "0xf3f2c67c89a5e16e40accf1810edd9353443abea1c23375db376d0a1811ffae1", "source": "polymarket"}
{"timestamp_utc": "2026-03-26T14:35:27Z", "market_key": "SOL5M_2026-03-26T14:40:00Z", "condition_id": "0x2a31b97f4b9f768d59c0a23f3bbc8c2b2adb70fa37b13d021947f7acf0637705", "trade_id": "0xc644e807f62a776d35d79ae4729584f5c2924642d2a7ae63f17135ae0cfccbef:11325509108950694720568378589415134404735927095032587052670289882853025349217:1774535727", "side": "buy", "price": 0.6299999957999993, "size": 9.523808, "outcome": "down", "asset": "11325509108950694720568378589415134404735927095032587052670289882853025349217", "transaction_hash": "0xc644e807f62a776d35d79ae4729584f5c2924642d2a7ae63f17135ae0cfccbef", "source": "polymarket"}
{"timestamp_utc": "2026-03-26T14:35:27Z", "market_key": "SOL5M_2026-03-26T14:40:00Z", "condition_id": "0x2a31b97f4b9f768d59c0a23f3bbc8c2b2adb70fa37b13d021947f7acf0637705", "trade_id": "0x7293741b25413d52aa1130f3b25259454f5b62620f9d74574b20d92cbfc74e7c:55186442958956686719751431003779259902035050014966909041859135245056045543633:1774535727", "side": "buy", "price": 0.38, "size": 15.0, "outcome": "up", "asset": "55186442958956686719751431003779259902035050014966909041859135245056045543633", "transaction_hash": "0x7293741b25413d52aa1130f3b25259454f5b62620f9d74574b20d92cbfc74e7c", "source": "polymarket"}
{"timestamp_utc": "2026-03-26T14:35:27Z", "market_key": "SOL5M_2026-03-26T14:40:00Z", "condition_id": "0x2a31b97f4b9f768d59c0a23f3bbc8c2b2adb70fa37b13d021947f7acf0637705", "trade_id": "0x2ccb881c1e715713c5d21da3b00b44022328fd76d1739f81b057423359eb6a7c:55186442958956686719751431003779259902035050014966909041859135245056045543633:1774535727", "side": "buy", "price": 0.38, "size": 18.0, "outcome": "up", "asset": "55186442958956686719751431003779259902035050014966909041859135245056045543633", "transaction_hash": "0x2ccb881c1e715713c5d21da3b00b44022328fd76d1739f81b057423359eb6a7c", "source": "polymarket"}
{"timestamp_utc": "2026-03-26T14:35:29Z", "market_key": "SOL5M_2026-03-26T14:40:00Z", "condition_id": "0x2a31b97f4b9f768d59c0a23f3bbc8c2b2adb70fa37b13d021947f7acf0637705", "trade_id": "0x7d930f0b0df28eb05120aef531e0854e3913b889af1132f17f1b540b3b4f6271:11325509108950694720568378589415134404735927095032587052670289882853025349217:1774535729", "side": "buy", "price": 0.6499999542253231, "size": 2.184614, "outcome": "down", "asset": "11325509108950694720568378589415134404735927095032587052670289882853025349217", "transaction_hash": "0x7d930f0b0df28eb05120aef531e0854e3913b889af1132f17f1b540b3b4f6271", "source": "polymarket"}
{"timestamp_utc": "2026-03-26T14:35:29Z", "market_key": "SOL5M_2026-03-26T14:40:00Z", "condition_id": "0x2a31b97f4b9f768d59c0a23f3bbc8c2b2adb70fa37b13d021947f7acf0637705", "trade_id": "0x5f916ceb6e663bb8d2214dcc6b14136853a60c0cbbad7fba6196865195b5e246:11325509108950694720568378589415134404735927095032587052670289882853025349217:1774535729", "side": "buy", "price": 0.7099998686985645, "size": 2.056337, "outcome": "down", "asset": "11325509108950694720568378589415134404735927095032587052670289882853025349217", "transaction_hash": "0x5f916ceb6e663bb8d2214dcc6b14136853a60c0cbbad7fba6196865195b5e246", "source": "polymarket"}
{"timestamp_utc": "2026-03-26T14:35:29Z", "market_key": "SOL5M_2026-03-26T14:40:00Z", "condition_id": "0x2a31b97f4b9f768d59c0a23f3bbc8c2b2adb70fa37b13d021947f7acf0637705", "trade_id": "0xbd45fb39ccfa194d69502746ffda50cb065f8a10203ccdff0ef28abe9ec6b8b6:11325509108950694720568378589415134404735927095032587052670289882853025349217:1774535729", "side": "buy", "price": 0.69, "size": 5.0, "outcome": "down", "asset": "11325509108950694720568378589415134404735927095032587052670289882853025349217", "transaction_hash": "0xbd45fb39ccfa194d69502746ffda50cb065f8a10203ccdff0ef28abe9ec6b8b6", "source": "polymarket"}
{"timestamp_utc": "2026-03-26T14:35:29Z", "market_key": "SOL5M_2026-03-26T14:40:00Z", "condition_id": "0x2a31b97f4b9f768d59c0a23f3bbc8c2b2adb70fa37b13d021947f7acf0637705", "trade_id": "0xb2cc1ab998d9874e2e6b28764e3a58c9773f5c9f6ceae2686b9354997f94a885:11325509108950694720568378589415134404735927095032587052670289882853025349217:1774535729", "side": "buy", "price": 0.6899998754165161, "size": 2.086954, "outcome": "down", "asset": "11325509108950694720568378589415134404735927095032587052670289882853025349217", "transaction_hash": "0xb2cc1ab998d9874e2e6b28764e3a58c9773f5c9f6ceae2686b9354997f94a885", "source": "polymarket"}
{"timestamp_utc": "2026-03-26T14:35:29Z", "market_key": "SOL5M_2026-03-26T14:40:00Z", "condition_id": "0x2a31b97f4b9f768d59c0a23f3bbc8c2b2adb70fa37b13d021947f7acf0637705", "trade_id": "0xbfbc6c3b4556f2645c241785013d5295230fd4cdcf21be29736ed11fa4a0babe:55186442958956686719751431003779259902035050014966909041859135245056045543633:1774535729", "side": "sell", "price": 0.31, "size": 12.01, "outcome": "up", "asset": "55186442958956686719751431003779259902035050014966909041859135245056045543633", "transaction_hash": "0xbfbc6c3b4556f2645c241785013d5295230fd4cdcf21be29736ed11fa4a0babe", "source": "polymarket"}
{"timestamp_utc": "2026-03-26T14:35:31Z", "market_key": "SOL5M_2026-03-26T14:40:00Z", "condition_id": "0x2a31b97f4b9f768d59c0a23f3bbc8c2b2adb70fa37b13d021947f7acf0637705", "trade_id": "0x822494a83dd5a4e2ada0f37b023aa203a6d443750d753d9c01164954fd4b0539:11325509108950694720568378589415134404735927095032587052670289882853025349217:1774535731", "side": "buy", "price": 0.71, "size": 15.0, "outcome": "down", "asset": "11325509108950694720568378589415134404735927095032587052670289882853025349217", "transaction_hash": "0x822494a83dd5a4e2ada0f37b023aa203a6d443750d753d9c01164954fd4b0539", "source": "polymarket"}
{"timestamp_utc": "2026-03-26T14:35:31Z", "market_key": "SOL5M_2026-03-26T14:40:00Z", "condition_id": "0x2a31b97f4b9f768d59c0a23f3bbc8c2b2adb70fa37b13d021947f7acf0637705", "trade_id": "0x9d7e6634622da04eded30d53eb7c9fcea133dcf7d9c543557dd23f94c8716a64:55186442958956686719751431003779259902035050014966909041859135245056045543633:1774535731", "side": "sell", "price": 0.2660122699386503, "size": 4.89, "outcome": "up", "asset": "55186442958956686719751431003779259902035050014966909041859135245056045543633", "transaction_hash": "0x9d7e6634622da04eded30d53eb7c9fcea133dcf7d9c543557dd23f94c8716a64", "source": "polymarket"}
{"timestamp_utc": "2026-03-26T14:35:31Z", "market_key": "SOL5M_2026-03-26T14:40:00Z", "condition_id": "0x2a31b97f4b9f768d59c0a23f3bbc8c2b2adb70fa37b13d021947f7acf0637705", "trade_id": "0xfdcf6f3b3fea1c35bb630cb8335913ca501cb56c1d634f27306d8247f0558b7b:11325509108950694720568378589415134404735927095032587052670289882853025349217:1774535731", "side": "buy", "price": 0.71, "size": 9.91, "outcome": "down", "asset": "11325509108950694720568378589415134404735927095032587052670289882853025349217", "transaction_hash": "0xfdcf6f3b3fea1c35bb630cb8335913ca501cb56c1d634f27306d8247f0558b7b", "source": "polymarket"}
{"timestamp_utc": "2026-03-26T14:35:31Z", "market_key": "SOL5M_2026-03-26T14:40:00Z", "condition_id": "0x2a31b97f4b9f768d59c0a23f3bbc8c2b2adb70fa37b13d021947f7acf0637705", "trade_id": "0x3ae4dc6e9d9f1e4c0144399fa01cb1c8ee4563c9e8b823c645bcaab92a2a66f2:11325509108950694720568378589415134404735927095032587052670289882853025349217:1774535731", "side": "buy", "price": 0.7099998752702079, "size": 2.084506, "outcome": "down", "asset": "11325509108950694720568378589415134404735927095032587052670289882853025349217", "transaction_hash": "0x3ae4dc6e9d9f1e4c0144399fa01cb1c8ee4563c9e8b823c645bcaab92a2a66f2", "source": "polymarket"}
{"timestamp_utc": "2026-03-26T14:35:31Z", "market_key": "SOL5M_2026-03-26T14:40:00Z", "condition_id": "0x2a31b97f4b9f768d59c0a23f3bbc8c2b2adb70fa37b13d021947f7acf0637705", "trade_id": "0xe8066e48cc616c7fcec36216192346c2c4032650b874f8bf68fb827a323084fd:55186442958956686719751431003779259902035050014966909041859135245056045543633:1774535731", "side": "buy", "price": 0.2999999743150663, "size": 19.466665, "outcome": "up", "asset": "55186442958956686719751431003779259902035050014966909041859135245056045543633", "transaction_hash": "0xe8066e48cc616c7fcec36216192346c2c4032650b874f8bf68fb827a323084fd", "source": "polymarket"}
{"timestamp_utc": "2026-03-26T14:35:33Z", "market_key": "SOL5M_2026-03-26T14:40:00Z", "condition_id": "0x2a31b97f4b9f768d59c0a23f3bbc8c2b2adb70fa37b13d021947f7acf0637705", "trade_id": "0xd4d7782ffeaca4563ff5f6c8875c2a81b7460100ea55f124312753be68bbe1a0:11325509108950694720568378589415134404735927095032587052670289882853025349217:1774535733", "side": "buy", "price": 0.7299999221332378, "size": 2.054792, "outcome": "down", "asset": "11325509108950694720568378589415134404735927095032587052670289882853025349217", "transaction_hash": "0xd4d7782ffeaca4563ff5f6c8875c2a81b7460100ea55f124312753be68bbe1a0", "source": "polymarket"}
{"timestamp_utc": "2026-03-26T14:35:33Z", "market_key": "SOL5M_2026-03-26T14:40:00Z", "condition_id": "0x2a31b97f4b9f768d59c0a23f3bbc8c2b2adb70fa37b13d021947f7acf0637705", "trade_id": "0xb5ce8cd525b746f0e0ad93fa328c203675bb98f9bd05bbd893e38e0993f077d0:11325509108950694720568378589415134404735927095032587052670289882853025349217:1774535733", "side": "buy", "price": 0.7452093652554134, "size": 2.066532, "outcome": "down", "asset": "11325509108950694720568378589415134404735927095032587052670289882853025349217", "transaction_hash": "0xb5ce8cd525b746f0e0ad93fa328c203675bb98f9bd05bbd893e38e0993f077d0", "source": "polymarket"}
{"timestamp_utc": "2026-03-26T14:35:33Z", "market_key": "SOL5M_2026-03-26T14:40:00Z", "condition_id": "0x2a31b97f4b9f768d59c0a23f3bbc8c2b2adb70fa37b13d021947f7acf0637705", "trade_id": "0x3c13ffcac3e24a95ee3185926363a02c3f3c788280c3c3483a61aadb3b979fac:55186442958956686719751431003779259902035050014966909041859135245056045543633:1774535733", "side": "buy", "price": 0.27, "size": 5.0, "outcome": "up", "asset": "55186442958956686719751431003779259902035050014966909041859135245056045543633", "transaction_hash": "0x3c13ffcac3e24a95ee3185926363a02c3f3c788280c3c3483a61aadb3b979fac", "source": "polymarket"}
{"timestamp_utc": "2026-03-26T14:35:33Z", "market_key": "SOL5M_2026-03-26T14:40:00Z", "condition_id": "0x2a31b97f4b9f768d59c0a23f3bbc8c2b2adb70fa37b13d021947f7acf0637705", "trade_id": "0x542e932736209fd26a5a373f0f49ff0bd7a8191c022d29c92b1e3448e64f0987:11325509108950694720568378589415134404735927095032587052670289882853025349217:1774535733", "side": "buy", "price": 0.7399998928946819, "size": 2.054053, "outcome": "down", "asset": "11325509108950694720568378589415134404735927095032587052670289882853025349217", "transaction_hash": "0x542e932736209fd26a5a373f0f49ff0bd7a8191c022d29c92b1e3448e64f0987", "source": "polymarket"}
{"timestamp_utc": "2026-03-26T14:35:35Z", "market_key": "SOL5M_2026-03-26T14:40:00Z", "condition_id": "0x2a31b97f4b9f768d59c0a23f3bbc8c2b2adb70fa37b13d021947f7acf0637705", "trade_id": "0x4764770e53c5943652fef24f4de05a8b24626787f1a5928406341a48a4da4240:11325509108950694720568378589415134404735927095032587052670289882853025349217:1774535735", "side": "buy", "price": 0.75, "size": 2.08, "outcome": "down", "asset": "11325509108950694720568378589415134404735927095032587052670289882853025349217", "transaction_hash": "0x4764770e53c5943652fef24f4de05a8b24626787f1a5928406341a48a4da4240", "source": "polymarket"}
{"timestamp_utc": "2026-03-26T14:35:35Z", "market_key": "SOL5M_2026-03-26T14:40:00Z", "condition_id": "0x2a31b97f4b9f768d59c0a23f3bbc8c2b2adb70fa37b13d021947f7acf0637705", "trade_id": "0xc76138e7ef6e5a341f154bf1ab913b87ad0167d0ac6a75ce038842360de09cfb:11325509108950694720568378589415134404735927095032587052670289882853025349217:1774535735", "side": "buy", "price": 0.75, "size": 24.0, "outcome": "down", "asset": "11325509108950694720568378589415134404735927095032587052670289882853025349217", "transaction_hash": "0xc76138e7ef6e5a341f154bf1ab913b87ad0167d0ac6a75ce038842360de09cfb", "source": "polymarket"}
{"timestamp_utc": "2026-03-26T14:35:35Z", "market_key": "SOL5M_2026-03-26T14:40:00Z", "condition_id": "0x2a31b97f4b9f768d59c0a23f3bbc8c2b2adb70fa37b13d021947f7acf0637705", "trade_id": "0x497ce0647b4e5bb1a385dad4ea37e01667d2a0a6a4649ddf322d4abd23e87ff9:11325509108950694720568378589415134404735927095032587052670289882853025349217:1774535735", "side": "buy", "price": 0.7599999429999686, "size": 2.105262, "outcome": "down", "asset": "11325509108950694720568378589415134404735927095032587052670289882853025349217", "transaction_hash": "0x497ce0647b4e5bb1a385dad4ea37e01667d2a0a6a4649ddf322d4abd23e87ff9", "source": "polymarket"}
{"timestamp_utc": "2026-03-26T14:35:35Z", "market_key": "SOL5M_2026-03-26T14:40:00Z", "condition_id": "0x2a31b97f4b9f768d59c0a23f3bbc8c2b2adb70fa37b13d021947f7acf0637705", "trade_id": "0x16abb029b2e0e71e6d70a325d5dd1b422fd04926e8fbc302abfc036cd37714b1:11325509108950694720568378589415134404735927095032587052670289882853025349217:1774535735", "side": "buy", "price": 0.75, "size": 2.106664, "outcome": "down", "asset": "11325509108950694720568378589415134404735927095032587052670289882853025349217", "transaction_hash": "0x16abb029b2e0e71e6d70a325d5dd1b422fd04926e8fbc302abfc036cd37714b1", "source": "polymarket"}
{"timestamp_utc": "2026-03-26T14:35:35Z", "market_key": "SOL5M_2026-03-26T14:40:00Z", "condition_id": "0x2a31b97f4b9f768d59c0a23f3bbc8c2b2adb70fa37b13d021947f7acf0637705", "trade_id": "0xcddd3665b805a9f9dc2959ee3bf1f4fc2d4ee9166b6f4759934e3ffa97cd9627:11325509108950694720568378589415134404735927095032587052670289882853025349217:1774535735", "side": "sell", "price": 0.7338668981481481, "size": 86.4, "outcome": "down", "asset": "11325509108950694720568378589415134404735927095032587052670289882853025349217", "transaction_hash": "0xcddd3665b805a9f9dc2959ee3bf1f4fc2d4ee9166b6f4759934e3ffa97cd9627", "source": "polymarket"}
{"timestamp_utc": "2026-03-26T14:35:37Z", "market_key": "SOL5M_2026-03-26T14:40:00Z", "condition_id": "0x2a31b97f4b9f768d59c0a23f3bbc8c2b2adb70fa37b13d021947f7acf0637705", "trade_id": "0x29c9c7fd582d7cad3321f6fa37f334522a6ae184fee322fb18e4cca535803af0:55186442958956686719751431003779259902035050014966909041859135245056045543633:1774535737", "side": "sell", "price": 0.23, "size": 3.36, "outcome": "up", "asset": "55186442958956686719751431003779259902035050014966909041859135245056045543633", "transaction_hash": "0x29c9c7fd582d7cad3321f6fa37f334522a6ae184fee322fb18e4cca535803af0", "source": "polymarket"}
{"timestamp_utc": "2026-03-26T14:35:39Z", "market_key": "SOL5M_2026-03-26T14:40:00Z", "condition_id": "0x2a31b97f4b9f768d59c0a23f3bbc8c2b2adb70fa37b13d021947f7acf0637705", "trade_id": "0x5820f468add4b08d68144726ec1a43309ecd2de3c0c61fb0003547575f0289d2:11325509108950694720568378589415134404735927095032587052670289882853025349217:1774535739", "side": "buy", "price": 0.7899998435642325, "size": 1.27848, "outcome": "down", "asset": "11325509108950694720568378589415134404735927095032587052670289882853025349217", "transaction_hash": "0x5820f468add4b08d68144726ec1a43309ecd2de3c0c61fb0003547575f0289d2", "source": "polymarket"}
{"timestamp_utc": "2026-03-26T14:35:39Z", "market_key": "SOL5M_2026-03-26T14:40:00Z", "condition_id": "0x2a31b97f4b9f768d59c0a23f3bbc8c2b2adb70fa37b13d021947f7acf0637705", "trade_id": "0x7c2b3cb66f865b198244ef6bd02efe5db505596e2c527689a734443d7ea5c744:55186442958956686719751431003779259902035050014966909041859135245056045543633:1774535739", "side": "sell", "price": 0.21, "size": 3.36, "outcome": "up", "asset": "55186442958956686719751431003779259902035050014966909041859135245056045543633", "transaction_hash": "0x7c2b3cb66f865b198244ef6bd02efe5db505596e2c527689a734443d7ea5c744", "source": "polymarket"}
{"timestamp_utc": "2026-03-26T14:35:39Z", "market_key": "SOL5M_2026-03-26T14:40:00Z", "condition_id": "0x2a31b97f4b9f768d59c0a23f3bbc8c2b2adb70fa37b13d021947f7acf0637705", "trade_id": "0xb12ccff3bd2cb7ad96f8c64dcb93d42cba7937353b22812ef065db9e57c010c8:55186442958956686719751431003779259902035050014966909041859135245056045543633:1774535739", "side": "buy", "price": 0.23, "size": 5.0, "outcome": "up", "asset": "55186442958956686719751431003779259902035050014966909041859135245056045543633", "transaction_hash": "0xb12ccff3bd2cb7ad96f8c64dcb93d42cba7937353b22812ef065db9e57c010c8", "source": "polymarket"}
{"timestamp_utc": "2026-03-26T14:35:41Z", "market_key": "SOL5M_2026-03-26T14:40:00Z", "condition_id": "0x2a31b97f4b9f768d59c0a23f3bbc8c2b2adb70fa37b13d021947f7acf0637705", "trade_id": "0x2347385254583a7c77ff476c713c03cea6df55886e6a7af06c67c7c5575f3044:11325509108950694720568378589415134404735927095032587052670289882853025349217:1774535741", "side": "sell", "price": 0.78, "size": 3.08, "outcome": "down", "asset": "11325509108950694720568378589415134404735927095032587052670289882853025349217", "transaction_hash": "0x2347385254583a7c77ff476c713c03cea6df55886e6a7af06c67c7c5575f3044", "source": "polymarket"}
{"timestamp_utc": "2026-03-26T14:35:43Z", "market_key": "SOL5M_2026-03-26T14:40:00Z", "condition_id": "0x2a31b97f4b9f768d59c0a23f3bbc8c2b2adb70fa37b13d021947f7acf0637705", "trade_id": "0xbc2f9485230f6a0ad21f2a6cda57643d3e7977e3ca2364962b125096510a739b:11325509108950694720568378589415134404735927095032587052670289882853025349217:1774535743", "side": "buy", "price": 0.77, "size": 1.2987, "outcome": "down", "asset": "11325509108950694720568378589415134404735927095032587052670289882853025349217", "transaction_hash": "0xbc2f9485230f6a0ad21f2a6cda57643d3e7977e3ca2364962b125096510a739b", "source": "polymarket"}
{"timestamp_utc": "2026-03-26T14:35:45Z", "market_key": "SOL5M_2026-03-26T14:40:00Z", "condition_id": "0x2a31b97f4b9f768d59c0a23f3bbc8c2b2adb70fa37b13d021947f7acf0637705", "trade_id": "0x3b219b770e79158417b736a8c3c69dd1e639232e26740516194dbe1e32930a06:55186442958956686719751431003779259902035050014966909041859135245056045543633:1774535745", "side": "sell", "price": 0.22, "size": 6.17, "outcome": "up", "asset": "55186442958956686719751431003779259902035050014966909041859135245056045543633", "transaction_hash": "0x3b219b770e79158417b736a8c3c69dd1e639232e26740516194dbe1e32930a06", "source": "polymarket"}
{"timestamp_utc": "2026-03-26T14:35:45Z", "market_key": "SOL5M_2026-03-26T14:40:00Z", "condition_id": "0x2a31b97f4b9f768d59c0a23f3bbc8c2b2adb70fa37b13d021947f7acf0637705", "trade_id": "0xbef61c65d7cf31076e31b4590a312d9d9c1458c47bc1e6ddd1612667f488b4cd:55186442958956686719751431003779259902035050014966909041859135245056045543633:1774535745", "side": "buy", "price": 0.22999998212014064, "size": 36.913042, "outcome": "up", "asset": "55186442958956686719751431003779259902035050014966909041859135245056045543633", "transaction_hash": "0xbef61c65d7cf31076e31b4590a312d9d9c1458c47bc1e6ddd1612667f488b4cd", "source": "polymarket"}
{"timestamp_utc": "2026-03-26T14:35:47Z", "market_key": "SOL5M_2026-03-26T14:40:00Z", "condition_id": "0x2a31b97f4b9f768d59c0a23f3bbc8c2b2adb70fa37b13d021947f7acf0637705", "trade_id": "0x0161f40c94bc9845cb43f397b0796f7f1070c72e35b5745d006bf0f09b705314:55186442958956686719751431003779259902035050014966909041859135245056045543633:1774535747", "side": "buy", "price": 0.21, "size": 6.67, "outcome": "up", "asset": "55186442958956686719751431003779259902035050014966909041859135245056045543633", "transaction_hash": "0x0161f40c94bc9845cb43f397b0796f7f1070c72e35b5745d006bf0f09b705314", "source": "polymarket"}
{"timestamp_utc": "2026-03-26T14:35:47Z", "market_key": "SOL5M_2026-03-26T14:40:00Z", "condition_id": "0x2a31b97f4b9f768d59c0a23f3bbc8c2b2adb70fa37b13d021947f7acf0637705", "trade_id": "0xd1dd0da7433dd3f894d1776be42ebb7fc63c6398461325c619f73ce32b50c594:11325509108950694720568378589415134404735927095032587052670289882853025349217:1774535747", "side": "buy", "price": 0.791528, "size": 50.0, "outcome": "down", "asset": "11325509108950694720568378589415134404735927095032587052670289882853025349217", "transaction_hash": "0xd1dd0da7433dd3f894d1776be42ebb7fc63c6398461325c619f73ce32b50c594", "source": "polymarket"}
{"timestamp_utc": "2026-03-26T14:35:49Z", "market_key": "SOL5M_2026-03-26T14:40:00Z", "condition_id": "0x2a31b97f4b9f768d59c0a23f3bbc8c2b2adb70fa37b13d021947f7acf0637705", "trade_id": "0x2d8fa73d9900cb963a20430fc45dc178d63098d21dc3064d804e29074d97a00d:55186442958956686719751431003779259902035050014966909041859135245056045543633:1774535749", "side": "buy", "price": 0.21, "size": 2.75, "outcome": "up", "asset": "55186442958956686719751431003779259902035050014966909041859135245056045543633", "transaction_hash": "0x2d8fa73d9900cb963a20430fc45dc178d63098d21dc3064d804e29074d97a00d", "source": "polymarket"}
{"timestamp_utc": "2026-03-26T14:35:49Z", "market_key": "SOL5M_2026-03-26T14:40:00Z", "condition_id": "0x2a31b97f4b9f768d59c0a23f3bbc8c2b2adb70fa37b13d021947f7acf0637705", "trade_id": "0x43168c7f6c08e61ceb79318849a61631da6b510c5da09f807de51148eb220e74:55186442958956686719751431003779259902035050014966909041859135245056045543633:1774535749", "side": "buy", "price": 0.21, "size": 18.0, "outcome": "up", "asset": "55186442958956686719751431003779259902035050014966909041859135245056045543633", "transaction_hash": "0x43168c7f6c08e61ceb79318849a61631da6b510c5da09f807de51148eb220e74", "source": "polymarket"}
{"timestamp_utc": "2026-03-26T14:35:49Z", "market_key": "SOL5M_2026-03-26T14:40:00Z", "condition_id": "0x2a31b97f4b9f768d59c0a23f3bbc8c2b2adb70fa37b13d021947f7acf0637705", "trade_id": "0x70b1d1205e477979bff6c7f0ee7102b417f992ba24a84e14e95d4d6de651b90e:55186442958956686719751431003779259902035050014966909041859135245056045543633:1774535749", "side": "buy", "price": 0.21, "size": 15.0, "outcome": "up", "asset": "55186442958956686719751431003779259902035050014966909041859135245056045543633", "transaction_hash": "0x70b1d1205e477979bff6c7f0ee7102b417f992ba24a84e14e95d4d6de651b90e", "source": "polymarket"}
{"timestamp_utc": "2026-03-26T14:35:49Z", "market_key": "SOL5M_2026-03-26T14:40:00Z", "condition_id": "0x2a31b97f4b9f768d59c0a23f3bbc8c2b2adb70fa37b13d021947f7acf0637705", "trade_id": "0x38d3fc2ac5d2d71a691c734d36a5c4fcc6ee7396a122f25fc069647f2e1806ae:55186442958956686719751431003779259902035050014966909041859135245056045543633:1774535749", "side": "buy", "price": 0.21, "size": 5.0, "outcome": "up", "asset": "55186442958956686719751431003779259902035050014966909041859135245056045543633", "transaction_hash": "0x38d3fc2ac5d2d71a691c734d36a5c4fcc6ee7396a122f25fc069647f2e1806ae", "source": "polymarket"}
{"timestamp_utc": "2026-03-26T14:35:53Z", "market_key": "SOL5M_2026-03-26T14:40:00Z", "condition_id": "0x2a31b97f4b9f768d59c0a23f3bbc8c2b2adb70fa37b13d021947f7acf0637705", "trade_id": "0x0fe4d768a08c6ea78ab9edca365913146c34e5fc77139177f767e4d91c04539e:55186442958956686719751431003779259902035050014966909041859135245056045543633:1774535753", "side": "buy", "price": 0.22999991604998868, "size": 8.695651, "outcome": "up", "asset": "55186442958956686719751431003779259902035050014966909041859135245056045543633", "transaction_hash": "0x0fe4d768a08c6ea78ab9edca365913146c34e5fc77139177f767e4d91c04539e", "source": "polymarket"}
{"timestamp_utc": "2026-03-26T14:35:55Z", "market_key": "SOL5M_2026-03-26T14:40:00Z", "condition_id": "0x2a31b97f4b9f768d59c0a23f3bbc8c2b2adb70fa37b13d021947f7acf0637705", "trade_id": "0x90414a097d609b6821ed2be2534a3014ab04add5ef813b01a84b6bbf3b4fafe4:55186442958956686719751431003779259902035050014966909041859135245056045543633:1774535755", "side": "buy", "price": 0.27, "size": 15.0, "outcome": "up", "asset": "55186442958956686719751431003779259902035050014966909041859135245056045543633", "transaction_hash": "0x90414a097d609b6821ed2be2534a3014ab04add5ef813b01a84b6bbf3b4fafe4", "source": "polymarket"}
{"timestamp_utc": "2026-03-26T14:35:55Z", "market_key": "SOL5M_2026-03-26T14:40:00Z", "condition_id": "0x2a31b97f4b9f768d59c0a23f3bbc8c2b2adb70fa37b13d021947f7acf0637705", "trade_id": "0xfe0e1c4b39b590bf346c27053b346bd8a2e948892f8d6fddb572e1d025449796:11325509108950694720568378589415134404735927095032587052670289882853025349217:1774535755", "side": "buy", "price": 0.7899999703749641, "size": 2.025314, "outcome": "down", "asset": "11325509108950694720568378589415134404735927095032587052670289882853025349217", "transaction_hash": "0xfe0e1c4b39b590bf346c27053b346bd8a2e948892f8d6fddb572e1d025449796", "source": "polymarket"}
{"timestamp_utc": "2026-03-26T14:35:55Z", "market_key": "SOL5M_2026-03-26T14:40:00Z", "condition_id": "0x2a31b97f4b9f768d59c0a23f3bbc8c2b2adb70fa37b13d021947f7acf0637705", "trade_id": "0xf4d3c49846e814848990f037572ad9ad611bb4cd0b2e613a215ae9d1673ec791:11325509108950694720568378589415134404735927095032587052670289882853025349217:1774535755", "side": "buy", "price": 0.79, "size": 2.0, "outcome": "down", "asset": "11325509108950694720568378589415134404735927095032587052670289882853025349217", "transaction_hash": "0xf4d3c49846e814848990f037572ad9ad611bb4cd0b2e613a215ae9d1673ec791", "source": "polymarket"}
{"timestamp_utc": "2026-03-26T14:35:57Z", "market_key": "SOL5M_2026-03-26T14:40:00Z", "condition_id": "0x2a31b97f4b9f768d59c0a23f3bbc8c2b2adb70fa37b13d021947f7acf0637705", "trade_id": "0x4deae8dba8ae8d5d23bb68c0624778d29cfe1393a2a48587667dc7a35a054100:55186442958956686719751431003779259902035050014966909041859135245056045543633:1774535757", "side": "buy", "price": 0.27, "size": 15.0, "outcome": "up", "asset": "55186442958956686719751431003779259902035050014966909041859135245056045543633", "transaction_hash": "0x4deae8dba8ae8d5d23bb68c0624778d29cfe1393a2a48587667dc7a35a054100", "source": "polymarket"}
{"timestamp_utc": "2026-03-26T14:35:57Z", "market_key": "SOL5M_2026-03-26T14:40:00Z", "condition_id": "0x2a31b97f4b9f768d59c0a23f3bbc8c2b2adb70fa37b13d021947f7acf0637705", "trade_id": "0x480d6715dc751b32287345868a5f8be15530d1859f923b0c954a9185b5913504:55186442958956686719751431003779259902035050014966909041859135245056045543633:1774535757", "side": "buy", "price": 0.3, "size": 18.0, "outcome": "up", "asset": "55186442958956686719751431003779259902035050014966909041859135245056045543633", "transaction_hash": "0x480d6715dc751b32287345868a5f8be15530d1859f923b0c954a9185b5913504", "source": "polymarket"}
{"timestamp_utc": "2026-03-26T14:35:57Z", "market_key": "SOL5M_2026-03-26T14:40:00Z", "condition_id": "0x2a31b97f4b9f768d59c0a23f3bbc8c2b2adb70fa37b13d021947f7acf0637705", "trade_id": "0x4330dfbb07344fc5775bd129de2db76e847e0fcc3e29cadaa08b07104dfaffc1:55186442958956686719751431003779259902035050014966909041859135245056045543633:1774535757", "side": "buy", "price": 0.3016666666666667, "size": 6.0, "outcome": "up", "asset": "55186442958956686719751431003779259902035050014966909041859135245056045543633", "transaction_hash": "0x4330dfbb07344fc5775bd129de2db76e847e0fcc3e29cadaa08b07104dfaffc1", "source": "polymarket"}
{"timestamp_utc": "2026-03-26T14:35:57Z", "market_key": "SOL5M_2026-03-26T14:40:00Z", "condition_id": "0x2a31b97f4b9f768d59c0a23f3bbc8c2b2adb70fa37b13d021947f7acf0637705", "trade_id": "0x89e0a0f41187c053ebda49bd74b2a9b33bf83e6741dc6f3b27136156a571819f:55186442958956686719751431003779259902035050014966909041859135245056045543633:1774535757", "side": "buy", "price": 0.29, "size": 5.0, "outcome": "up", "asset": "55186442958956686719751431003779259902035050014966909041859135245056045543633", "transaction_hash": "0x89e0a0f41187c053ebda49bd74b2a9b33bf83e6741dc6f3b27136156a571819f", "source": "polymarket"}
{"timestamp_utc": "2026-03-26T14:35:57Z", "market_key": "SOL5M_2026-03-26T14:40:00Z", "condition_id": "0x2a31b97f4b9f768d59c0a23f3bbc8c2b2adb70fa37b13d021947f7acf0637705", "trade_id": "0x891928853a99a7226917c2a92541f63089d5dca94c6f02a4e26da71f9c4cfbfa:55186442958956686719751431003779259902035050014966909041859135245056045543633:1774535757", "side": "buy", "price": 0.27, "size": 0.48, "outcome": "up", "asset": "55186442958956686719751431003779259902035050014966909041859135245056045543633", "transaction_hash": "0x891928853a99a7226917c2a92541f63089d5dca94c6f02a4e26da71f9c4cfbfa", "source": "polymarket"}
{"timestamp_utc": "2026-03-26T14:35:57Z", "market_key": "SOL5M_2026-03-26T14:40:00Z", "condition_id": "0x2a31b97f4b9f768d59c0a23f3bbc8c2b2adb70fa37b13d021947f7acf0637705", "trade_id": "0x0b849e45dc9e1f286b8bf54f2045d0f7b4b12b2972180705f30b2f4c4724092a:55186442958956686719751431003779259902035050014966909041859135245056045543633:1774535757", "side": "buy", "price": 0.3, "size": 12.0, "outcome": "up", "asset": "55186442958956686719751431003779259902035050014966909041859135245056045543633", "transaction_hash": "0x0b849e45dc9e1f286b8bf54f2045d0f7b4b12b2972180705f30b2f4c4724092a", "source": "polymarket"}
{"timestamp_utc": "2026-03-26T14:35:57Z", "market_key": "SOL5M_2026-03-26T14:40:00Z", "condition_id": "0x2a31b97f4b9f768d59c0a23f3bbc8c2b2adb70fa37b13d021947f7acf0637705", "trade_id": "0x1dd0debcbcf5c405fe0142c52d38fa9cba5e10baa0740585d9ca4c573d36705d:11325509108950694720568378589415134404735927095032587052670289882853025349217:1774535757", "side": "sell", "price": 0.73, "size": 5.52, "outcome": "down", "asset": "11325509108950694720568378589415134404735927095032587052670289882853025349217", "transaction_hash": "0x1dd0debcbcf5c405fe0142c52d38fa9cba5e10baa0740585d9ca4c573d36705d", "source": "polymarket"}
{"timestamp_utc": "2026-03-26T14:35:59Z", "market_key": "SOL5M_2026-03-26T14:40:00Z", "condition_id": "0x2a31b97f4b9f768d59c0a23f3bbc8c2b2adb70fa37b13d021947f7acf0637705", "trade_id": "0xe1eb64854fb2e341f0a0e1a40bd08ae1648cadea810dbc77e2164bf1a35f64db:11325509108950694720568378589415134404735927095032587052670289882853025349217:1774535759", "side": "buy", "price": 0.73, "size": 10.0, "outcome": "down", "asset": "11325509108950694720568378589415134404735927095032587052670289882853025349217", "transaction_hash": "0xe1eb64854fb2e341f0a0e1a40bd08ae1648cadea810dbc77e2164bf1a35f64db", "source": "polymarket"}
{"timestamp_utc": "2026-03-26T14:35:59Z", "market_key": "SOL5M_2026-03-26T14:40:00Z", "condition_id": "0x2a31b97f4b9f768d59c0a23f3bbc8c2b2adb70fa37b13d021947f7acf0637705", "trade_id": "0x746b9aa17fce0696bc8a875ea75a2a63195842e4c57008d4a3e695fe3bed0431:11325509108950694720568378589415134404735927095032587052670289882853025349217:1774535759", "side": "buy", "price": 0.71, "size": 11.0, "outcome": "down", "asset": "11325509108950694720568378589415134404735927095032587052670289882853025349217", "transaction_hash": "0x746b9aa17fce0696bc8a875ea75a2a63195842e4c57008d4a3e695fe3bed0431", "source": "polymarket"}
{"timestamp_utc": "2026-03-26T14:36:03Z", "market_key": "SOL5M_2026-03-26T14:40:00Z", "condition_id": "0x2a31b97f4b9f768d59c0a23f3bbc8c2b2adb70fa37b13d021947f7acf0637705", "trade_id": "0x36a1eca56a46ff4e48cc9d1fd474e1139027bdd5109695569beb17663e8ed5fe:11325509108950694720568378589415134404735927095032587052670289882853025349217:1774535763", "side": "buy", "price": 0.71, "size": 7.09, "outcome": "down", "asset": "11325509108950694720568378589415134404735927095032587052670289882853025349217", "transaction_hash": "0x36a1eca56a46ff4e48cc9d1fd474e1139027bdd5109695569beb17663e8ed5fe", "source": "polymarket"}
{"timestamp_utc": "2026-03-26T14:36:03Z", "market_key": "SOL5M_2026-03-26T14:40:00Z", "condition_id": "0x2a31b97f4b9f768d59c0a23f3bbc8c2b2adb70fa37b13d021947f7acf0637705", "trade_id": "0xa36189607d819e40c0f319b5ad7fa8e3e35517d4fa65a4a5180ba062c29bec24:55186442958956686719751431003779259902035050014966909041859135245056045543633:1774535763", "side": "buy", "price": 0.28, "size": 10.0, "outcome": "up", "asset": "55186442958956686719751431003779259902035050014966909041859135245056045543633", "transaction_hash": "0xa36189607d819e40c0f319b5ad7fa8e3e35517d4fa65a4a5180ba062c29bec24", "source": "polymarket"}
{"timestamp_utc": "2026-03-26T14:36:03Z", "market_key": "SOL5M_2026-03-26T14:40:00Z", "condition_id": "0x2a31b97f4b9f768d59c0a23f3bbc8c2b2adb70fa37b13d021947f7acf0637705", "trade_id": "0x3009081cd35a1f5e9c1481072b27483020db93f74ef5debfd1611137e133e429:55186442958956686719751431003779259902035050014966909041859135245056045543633:1774535763", "side": "buy", "price": 0.29, "size": 5.0, "outcome": "up", "asset": "55186442958956686719751431003779259902035050014966909041859135245056045543633", "transaction_hash": "0x3009081cd35a1f5e9c1481072b27483020db93f74ef5debfd1611137e133e429", "source": "polymarket"}
{"timestamp_utc": "2026-03-26T14:36:05Z", "market_key": "SOL5M_2026-03-26T14:40:00Z", "condition_id": "0x2a31b97f4b9f768d59c0a23f3bbc8c2b2adb70fa37b13d021947f7acf0637705", "trade_id": "0xa8446902e57dfd087d566a4150bb052fc8bb94f3e994b3daeb986fcddf6ffe06:11325509108950694720568378589415134404735927095032587052670289882853025349217:1774535765", "side": "buy", "price": 0.73, "size": 20.0, "outcome": "down", "asset": "11325509108950694720568378589415134404735927095032587052670289882853025349217", "transaction_hash": "0xa8446902e57dfd087d566a4150bb052fc8bb94f3e994b3daeb986fcddf6ffe06", "source": "polymarket"}
{"timestamp_utc": "2026-03-26T14:36:05Z", "market_key": "SOL5M_2026-03-26T14:40:00Z", "condition_id": "0x2a31b97f4b9f768d59c0a23f3bbc8c2b2adb70fa37b13d021947f7acf0637705", "trade_id": "0x8f36ca4e3baa7a909528620c42413fad817c8fefc7f0319b6389c4b66ea250f2:11325509108950694720568378589415134404735927095032587052670289882853025349217:1774535765", "side": "buy", "price": 0.71, "size": 2.91, "outcome": "down", "asset": "11325509108950694720568378589415134404735927095032587052670289882853025349217", "transaction_hash": "0x8f36ca4e3baa7a909528620c42413fad817c8fefc7f0319b6389c4b66ea250f2", "source": "polymarket"}
{"timestamp_utc": "2026-03-26T14:36:05Z", "market_key": "SOL5M_2026-03-26T14:40:00Z", "condition_id": "0x2a31b97f4b9f768d59c0a23f3bbc8c2b2adb70fa37b13d021947f7acf0637705", "trade_id": "0x2302d045b220886547a9b55507ecb10f8d34ff51630ea398d3f8391943891aea:11325509108950694720568378589415134404735927095032587052670289882853025349217:1774535765", "side": "buy", "price": 0.73, "size": 41.0, "outcome": "down", "asset": "11325509108950694720568378589415134404735927095032587052670289882853025349217", "transaction_hash": "0x2302d045b220886547a9b55507ecb10f8d34ff51630ea398d3f8391943891aea", "source": "polymarket"}
{"timestamp_utc": "2026-03-26T14:36:05Z", "market_key": "SOL5M_2026-03-26T14:40:00Z", "condition_id": "0x2a31b97f4b9f768d59c0a23f3bbc8c2b2adb70fa37b13d021947f7acf0637705", "trade_id": "0xbe970a0cde38ded6a4ad37627d127c9670cdc3b386332dec23a61ee81339c401:55186442958956686719751431003779259902035050014966909041859135245056045543633:1774535765", "side": "buy", "price": 0.2920132075471698, "size": 106.0, "outcome": "up", "asset": "55186442958956686719751431003779259902035050014966909041859135245056045543633", "transaction_hash": "0xbe970a0cde38ded6a4ad37627d127c9670cdc3b386332dec23a61ee81339c401", "source": "polymarket"}
{"timestamp_utc": "2026-03-26T14:36:05Z", "market_key": "SOL5M_2026-03-26T14:40:00Z", "condition_id": "0x2a31b97f4b9f768d59c0a23f3bbc8c2b2adb70fa37b13d021947f7acf0637705", "trade_id": "0x53fa9ccaaf1fc4ab9df787e16d99c123f34739d891ef3859373f22da5345f3c4:55186442958956686719751431003779259902035050014966909041859135245056045543633:1774535765", "side": "sell", "price": 0.27, "size": 12.99, "outcome": "up", "asset": "55186442958956686719751431003779259902035050014966909041859135245056045543633", "transaction_hash": "0x53fa9ccaaf1fc4ab9df787e16d99c123f34739d891ef3859373f22da5345f3c4", "source": "polymarket"}
{"timestamp_utc": "2026-03-26T14:36:05Z", "market_key": "SOL5M_2026-03-26T14:40:00Z", "condition_id": "0x2a31b97f4b9f768d59c0a23f3bbc8c2b2adb70fa37b13d021947f7acf0637705", "trade_id": "0xa4f3cb1d65c62a2774228a555d21b24a9e22f1921654f620d08a8237c8696b66:55186442958956686719751431003779259902035050014966909041859135245056045543633:1774535765", "side": "buy", "price": 0.28250374812593704, "size": 6.67, "outcome": "up", "asset": "55186442958956686719751431003779259902035050014966909041859135245056045543633", "transaction_hash": "0xa4f3cb1d65c62a2774228a555d21b24a9e22f1921654f620d08a8237c8696b66", "source": "polymarket"}
{"timestamp_utc": "2026-03-26T14:36:07Z", "market_key": "SOL5M_2026-03-26T14:40:00Z", "condition_id": "0x2a31b97f4b9f768d59c0a23f3bbc8c2b2adb70fa37b13d021947f7acf0637705", "trade_id": "0x914b8627971f98e8451c2db3143ffcfbf0d79e6b52fde67db3a3bcc04c029d82:55186442958956686719751431003779259902035050014966909041859135245056045543633:1774535767", "side": "buy", "price": 0.28904997149914496, "size": 52.63, "outcome": "up", "asset": "55186442958956686719751431003779259902035050014966909041859135245056045543633", "transaction_hash": "0x914b8627971f98e8451c2db3143ffcfbf0d79e6b52fde67db3a3bcc04c029d82", "source": "polymarket"}
{"timestamp_utc": "2026-03-26T14:36:07Z", "market_key": "SOL5M_2026-03-26T14:40:00Z", "condition_id": "0x2a31b97f4b9f768d59c0a23f3bbc8c2b2adb70fa37b13d021947f7acf0637705", "trade_id": "0x64976f5599ba7d4bfdcc7e5a3573949b0b11489f9b825e09ea2248b8bd90a213:11325509108950694720568378589415134404735927095032587052670289882853025349217:1774535767", "side": "buy", "price": 0.72, "size": 5.0, "outcome": "down", "asset": "11325509108950694720568378589415134404735927095032587052670289882853025349217", "transaction_hash": "0x64976f5599ba7d4bfdcc7e5a3573949b0b11489f9b825e09ea2248b8bd90a213", "source": "polymarket"}
{"timestamp_utc": "2026-03-26T14:36:07Z", "market_key": "SOL5M_2026-03-26T14:40:00Z", "condition_id": "0x2a31b97f4b9f768d59c0a23f3bbc8c2b2adb70fa37b13d021947f7acf0637705", "trade_id": "0x570aa66c5d6be73e013295cbd72933fbdd183bfedeeecd11d40dfdf2342ba27e:11325509108950694720568378589415134404735927095032587052670289882853025349217:1774535767", "side": "buy", "price": 0.715, "size": 10.0, "outcome": "down", "asset": "11325509108950694720568378589415134404735927095032587052670289882853025349217", "transaction_hash": "0x570aa66c5d6be73e013295cbd72933fbdd183bfedeeecd11d40dfdf2342ba27e", "source": "polymarket"}
{"timestamp_utc": "2026-03-26T14:36:09Z", "market_key": "SOL5M_2026-03-26T14:40:00Z", "condition_id": "0x2a31b97f4b9f768d59c0a23f3bbc8c2b2adb70fa37b13d021947f7acf0637705", "trade_id": "0xb32da631137a4986d52008792f56964ff64ca3cc147c10573e661e55f3b1750d:11325509108950694720568378589415134404735927095032587052670289882853025349217:1774535769", "side": "buy", "price": 0.6899999831020378, "size": 7.101448, "outcome": "down", "asset": "11325509108950694720568378589415134404735927095032587052670289882853025349217", "transaction_hash": "0xb32da631137a4986d52008792f56964ff64ca3cc147c10573e661e55f3b1750d", "source": "polymarket"}
{"timestamp_utc": "2026-03-26T14:36:09Z", "market_key": "SOL5M_2026-03-26T14:40:00Z", "condition_id": "0x2a31b97f4b9f768d59c0a23f3bbc8c2b2adb70fa37b13d021947f7acf0637705", "trade_id": "0xb7e0a18fbd43b4748406d7fd0f59aa2d0fc3c704931fb6a9a5eac92e87c9d5f8:55186442958956686719751431003779259902035050014966909041859135245056045543633:1774535769", "side": "buy", "price": 0.31640449438202245, "size": 16.6875, "outcome": "up", "asset": "55186442958956686719751431003779259902035050014966909041859135245056045543633", "transaction_hash": "0xb7e0a18fbd43b4748406d7fd0f59aa2d0fc3c704931fb6a9a5eac92e87c9d5f8", "source": "polymarket"}
{"timestamp_utc": "2026-03-26T14:36:11Z", "market_key": "SOL5M_2026-03-26T14:40:00Z", "condition_id": "0x2a31b97f4b9f768d59c0a23f3bbc8c2b2adb70fa37b13d021947f7acf0637705", "trade_id": "0xb7847d89a8a2a025442c5e8fead971c001a13bc9ff090777a8e58c62d2dd76df:55186442958956686719751431003779259902035050014966909041859135245056045543633:1774535771", "side": "buy", "price": 0.29, "size": 5.0, "outcome": "up", "asset": "55186442958956686719751431003779259902035050014966909041859135245056045543633", "transaction_hash": "0xb7847d89a8a2a025442c5e8fead971c001a13bc9ff090777a8e58c62d2dd76df", "source": "polymarket"}
{"timestamp_utc": "2026-03-26T14:36:13Z", "market_key": "SOL5M_2026-03-26T14:40:00Z", "condition_id": "0x2a31b97f4b9f768d59c0a23f3bbc8c2b2adb70fa37b13d021947f7acf0637705", "trade_id": "0xfa37b43cf261eddc4ab0b225dd5163bc29163f485c371f1a19eb23394535dea4:55186442958956686719751431003779259902035050014966909041859135245056045543633:1774535773", "side": "sell", "price": 0.31, "size": 19.25, "outcome": "up", "asset": "55186442958956686719751431003779259902035050014966909041859135245056045543633", "transaction_hash": "0xfa37b43cf261eddc4ab0b225dd5163bc29163f485c371f1a19eb23394535dea4", "source": "polymarket"}
{"timestamp_utc": "2026-03-26T14:36:13Z", "market_key": "SOL5M_2026-03-26T14:40:00Z", "condition_id": "0x2a31b97f4b9f768d59c0a23f3bbc8c2b2adb70fa37b13d021947f7acf0637705", "trade_id": "0x9c8461ba4d20ca71f6ba7ebf7a8fc83218288c5c5f9882dcc3964f04f2e7b186:11325509108950694720568378589415134404735927095032587052670289882853025349217:1774535773", "side": "buy", "price": 0.66, "size": 1.51515, "outcome": "down", "asset": "11325509108950694720568378589415134404735927095032587052670289882853025349217", "transaction_hash": "0x9c8461ba4d20ca71f6ba7ebf7a8fc83218288c5c5f9882dcc3964f04f2e7b186", "source": "polymarket"}
{"timestamp_utc": "2026-03-26T14:36:13Z", "market_key": "SOL5M_2026-03-26T14:40:00Z", "condition_id": "0x2a31b97f4b9f768d59c0a23f3bbc8c2b2adb70fa37b13d021947f7acf0637705", "trade_id": "0x90e8698a2afccdd06d2164e6651ed8837b88d18ef5317633e01fc0db61478a29:11325509108950694720568378589415134404735927095032587052670289882853025349217:1774535773", "side": "sell", "price": 0.65, "size": 4.52, "outcome": "down", "asset": "11325509108950694720568378589415134404735927095032587052670289882853025349217", "transaction_hash": "0x90e8698a2afccdd06d2164e6651ed8837b88d18ef5317633e01fc0db61478a29", "source": "polymarket"}
{"timestamp_utc": "2026-03-26T14:36:13Z", "market_key": "SOL5M_2026-03-26T14:40:00Z", "condition_id": "0x2a31b97f4b9f768d59c0a23f3bbc8c2b2adb70fa37b13d021947f7acf0637705", "trade_id": "0x8bb7b724629180aff3f4dec79fd2c4c32658b18c155f4a975c9f3b05a7692920:55186442958956686719751431003779259902035050014966909041859135245056045543633:1774535773", "side": "buy", "price": 0.32, "size": 5.0, "outcome": "up", "asset": "55186442958956686719751431003779259902035050014966909041859135245056045543633", "transaction_hash": "0x8bb7b724629180aff3f4dec79fd2c4c32658b18c155f4a975c9f3b05a7692920", "source": "polymarket"}
{"timestamp_utc": "2026-03-26T14:36:13Z", "market_key": "SOL5M_2026-03-26T14:40:00Z", "condition_id": "0x2a31b97f4b9f768d59c0a23f3bbc8c2b2adb70fa37b13d021947f7acf0637705", "trade_id": "0xded619f80d708a40757a3d1f9cdc569b7d90a3093b0f5f7be7527524bdb74f63:11325509108950694720568378589415134404735927095032587052670289882853025349217:1774535773", "side": "buy", "price": 0.69, "size": 43.0, "outcome": "down", "asset": "11325509108950694720568378589415134404735927095032587052670289882853025349217", "transaction_hash": "0xded619f80d708a40757a3d1f9cdc569b7d90a3093b0f5f7be7527524bdb74f63", "source": "polymarket"}
{"timestamp_utc": "2026-03-26T14:36:15Z", "market_key": "SOL5M_2026-03-26T14:40:00Z", "condition_id": "0x2a31b97f4b9f768d59c0a23f3bbc8c2b2adb70fa37b13d021947f7acf0637705", "trade_id": "0x8de73325ea19bf5cd72156ec78e9179194347b15a8f6ff1b073e7f8dd836f26a:55186442958956686719751431003779259902035050014966909041859135245056045543633:1774535775", "side": "buy", "price": 0.32, "size": 16.0, "outcome": "up", "asset": "55186442958956686719751431003779259902035050014966909041859135245056045543633", "transaction_hash": "0x8de73325ea19bf5cd72156ec78e9179194347b15a8f6ff1b073e7f8dd836f26a", "source": "polymarket"}
{"timestamp_utc": "2026-03-26T14:36:15Z", "market_key": "SOL5M_2026-03-26T14:40:00Z", "condition_id": "0x2a31b97f4b9f768d59c0a23f3bbc8c2b2adb70fa37b13d021947f7acf0637705", "trade_id": "0xbc4c619717ee51a28c7d2eb8908d58e9aedc8c580d3b62860522c45e71d0b233:55186442958956686719751431003779259902035050014966909041859135245056045543633:1774535775", "side": "buy", "price": 0.35, "size": 1.98, "outcome": "up", "asset": "55186442958956686719751431003779259902035050014966909041859135245056045543633", "transaction_hash": "0xbc4c619717ee51a28c7d2eb8908d58e9aedc8c580d3b62860522c45e71d0b233", "source": "polymarket"}
