{"timestamp_utc": "2026-03-26T05:39:17Z", "market_key": "SOL5M_2026-03-26T06:00:00Z", "condition_id": "0x7412e29df9bb53ae28ecacca20fb5de584971622883e06673b64fc4fab5a9841", "trade_id": "0xa5b87fcc1d4462c0c5c8dc3bcead5581cb889edffefaa444f89de02afcb15e79:60892016707375028300802754861577897237196113688460675346810785965153355132433:1774503557", "side": "buy", "price": 0.51, "size": 10.0, "outcome": "up", "asset": "60892016707375028300802754861577897237196113688460675346810785965153355132433", "transaction_hash": "0xa5b87fcc1d4462c0c5c8dc3bcead5581cb889edffefaa444f89de02afcb15e79", "source": "polymarket"}
{"timestamp_utc": "2026-03-26T05:44:59Z", "market_key": "SOL5M_2026-03-26T06:00:00Z", "condition_id": "0x7412e29df9bb53ae28ecacca20fb5de584971622883e06673b64fc4fab5a9841", "trade_id": "0xeba5711af3c217381273ba5dc6ceabff7b244b06e9a2b53fccd74ed18d362aa6:60892016707375028300802754861577897237196113688460675346810785965153355132433:1774503899", "side": "buy", "price": 0.5, "size": 5.0, "outcome": "up", "asset": "60892016707375028300802754861577897237196113688460675346810785965153355132433", "transaction_hash": "0xeba5711af3c217381273ba5dc6ceabff7b244b06e9a2b53fccd74ed18d362aa6", "source": "polymarket"}
{"timestamp_utc": "2026-03-26T05:49:07Z", "market_key": "SOL5M_2026-03-26T06:00:00Z", "condition_id": "0x7412e29df9bb53ae28ecacca20fb5de584971622883e06673b64fc4fab5a9841", "trade_id": "0x912e185aa09848fa72feb2b1039675243edf026c8a10440abe8d0954d6aa5832:14615055879790321666767683865701058080550991112373986926361429412130178652602:1774504147", "side": "buy", "price": 0.45, "size": 10.0, "outcome": "down", "asset": "14615055879790321666767683865701058080550991112373986926361429412130178652602", "transaction_hash": "0x912e185aa09848fa72feb2b1039675243edf026c8a10440abe8d0954d6aa5832", "source": "polymarket"}
{"timestamp_utc": "2026-03-26T05:49:07Z", "market_key": "SOL5M_2026-03-26T06:00:00Z", "condition_id": "0x7412e29df9bb53ae28ecacca20fb5de584971622883e06673b64fc4fab5a9841", "trade_id": "0x47fd5053363aaaed50af4bbdb880e3a4d5e41a38d8f98802d69abdc3450f0a76:60892016707375028300802754861577897237196113688460675346810785965153355132433:1774504147", "side": "buy", "price": 0.5433818663136996, "size": 75.55, "outcome": "up", "asset": "60892016707375028300802754861577897237196113688460675346810785965153355132433", "transaction_hash": "0x47fd5053363aaaed50af4bbdb880e3a4d5e41a38d8f98802d69abdc3450f0a76", "source": "polymarket"}
{"timestamp_utc": "2026-03-26T05:49:35Z", "market_key": "SOL5M_2026-03-26T06:00:00Z", "condition_id": "0x7412e29df9bb53ae28ecacca20fb5de584971622883e06673b64fc4fab5a9841", "trade_id": "0x88656644d9d5aef877276ae71cebb6d154c2a561b376ebb7e736038f8a285276:14615055879790321666767683865701058080550991112373986926361429412130178652602:1774504175", "side": "buy", "price": 0.45, "size": 8.8, "outcome": "down", "asset": "14615055879790321666767683865701058080550991112373986926361429412130178652602", "transaction_hash": "0x88656644d9d5aef877276ae71cebb6d154c2a561b376ebb7e736038f8a285276", "source": "polymarket"}
{"timestamp_utc": "2026-03-26T05:49:35Z", "market_key": "SOL5M_2026-03-26T06:00:00Z", "condition_id": "0x7412e29df9bb53ae28ecacca20fb5de584971622883e06673b64fc4fab5a9841", "trade_id": "0x58091c3ac90cbeb3b1f93aac09f25cece85eb296bf643747b9c686482f0a3b3f:14615055879790321666767683865701058080550991112373986926361429412130178652602:1774504175", "side": "buy", "price": 0.45, "size": 6.6, "outcome": "down", "asset": "14615055879790321666767683865701058080550991112373986926361429412130178652602", "transaction_hash": "0x58091c3ac90cbeb3b1f93aac09f25cece85eb296bf643747b9c686482f0a3b3f", "source": "polymarket"}
{"timestamp_utc": "2026-03-26T05:49:55Z", "market_key": "SOL5M_2026-03-26T06:00:00Z", "condition_id": "0x7412e29df9bb53ae28ecacca20fb5de584971622883e06673b64fc4fab5a9841", "trade_id": "0xc3dd415ea47fa9f27e092504f491df8100c17a7af1f37129812617005a5a429f:14615055879790321666767683865701058080550991112373986926361429412130178652602:1774504195", "side": "buy", "price": 0.45, "size": 6.6, "outcome": "down", "asset": "14615055879790321666767683865701058080550991112373986926361429412130178652602", "transaction_hash": "0xc3dd415ea47fa9f27e092504f491df8100c17a7af1f37129812617005a5a429f", "source": "polymarket"}
{"timestamp_utc": "2026-03-26T05:50:05Z", "market_key": "SOL5M_2026-03-26T06:00:00Z", "condition_id": "0x7412e29df9bb53ae28ecacca20fb5de584971622883e06673b64fc4fab5a9841", "trade_id": "0x1bcfcc098cda41cce0748da30d00add77f9d917718ebf8b2ffbe44f752dcdf02:60892016707375028300802754861577897237196113688460675346810785965153355132433:1774504205", "side": "buy", "price": 0.559999843199887, "size": 1.785713, "outcome": "up", "asset": "60892016707375028300802754861577897237196113688460675346810785965153355132433", "transaction_hash": "0x1bcfcc098cda41cce0748da30d00add77f9d917718ebf8b2ffbe44f752dcdf02", "source": "polymarket"}
{"timestamp_utc": "2026-03-26T05:50:05Z", "market_key": "SOL5M_2026-03-26T06:00:00Z", "condition_id": "0x7412e29df9bb53ae28ecacca20fb5de584971622883e06673b64fc4fab5a9841", "trade_id": "0x6c763cb1227eaeda657e65fbb725415ae0cdbdc9f21b2541f7ecef9e708ac1b6:60892016707375028300802754861577897237196113688460675346810785965153355132433:1774504205", "side": "buy", "price": 0.559999843199887, "size": 1.785713, "outcome": "up", "asset": "60892016707375028300802754861577897237196113688460675346810785965153355132433", "transaction_hash": "0x6c763cb1227eaeda657e65fbb725415ae0cdbdc9f21b2541f7ecef9e708ac1b6", "source": "polymarket"}
{"timestamp_utc": "2026-03-26T05:50:05Z", "market_key": "SOL5M_2026-03-26T06:00:00Z", "condition_id": "0x7412e29df9bb53ae28ecacca20fb5de584971622883e06673b64fc4fab5a9841", "trade_id": "0xcccc161b22f5e2ee0b5b87e77dee713aee3d8fae0cd9efe903c4d9f862b0a169:14615055879790321666767683865701058080550991112373986926361429412130178652602:1774504205", "side": "buy", "price": 0.4499997974998886, "size": 2.222221, "outcome": "down", "asset": "14615055879790321666767683865701058080550991112373986926361429412130178652602", "transaction_hash": "0xcccc161b22f5e2ee0b5b87e77dee713aee3d8fae0cd9efe903c4d9f862b0a169", "source": "polymarket"}
{"timestamp_utc": "2026-03-26T05:50:31Z", "market_key": "SOL5M_2026-03-26T06:00:00Z", "condition_id": "0x7412e29df9bb53ae28ecacca20fb5de584971622883e06673b64fc4fab5a9841", "trade_id": "0x42768245293f841ee673b09a27664a9615d2313bfcdb5d2706d1ead1d8b27b2f:14615055879790321666767683865701058080550991112373986926361429412130178652602:1774504231", "side": "buy", "price": 0.45, "size": 8.8, "outcome": "down", "asset": "14615055879790321666767683865701058080550991112373986926361429412130178652602", "transaction_hash": "0x42768245293f841ee673b09a27664a9615d2313bfcdb5d2706d1ead1d8b27b2f", "source": "polymarket"}
{"timestamp_utc": "2026-03-26T05:50:55Z", "market_key": "SOL5M_2026-03-26T06:00:00Z", "condition_id": "0x7412e29df9bb53ae28ecacca20fb5de584971622883e06673b64fc4fab5a9841", "trade_id": "0x2039e24e153e0cf49718fe324b1cdb8288858b1d3c0a7548113e145821b1b38e:14615055879790321666767683865701058080550991112373986926361429412130178652602:1774504255", "side": "buy", "price": 0.46665325627424886, "size": 8.485956, "outcome": "down", "asset": "14615055879790321666767683865701058080550991112373986926361429412130178652602", "transaction_hash": "0x2039e24e153e0cf49718fe324b1cdb8288858b1d3c0a7548113e145821b1b38e", "source": "polymarket"}
{"timestamp_utc": "2026-03-26T05:51:03Z", "market_key": "SOL5M_2026-03-26T06:00:00Z", "condition_id": "0x7412e29df9bb53ae28ecacca20fb5de584971622883e06673b64fc4fab5a9841", "trade_id": "0x8668090bf9f1eb356e96098b41ac092fb342a2f2b4685c5ae6e41052d654d744:14615055879790321666767683865701058080550991112373986926361429412130178652602:1774504263", "side": "buy", "price": 0.46999998813131044, "size": 8.42553, "outcome": "down", "asset": "14615055879790321666767683865701058080550991112373986926361429412130178652602", "transaction_hash": "0x8668090bf9f1eb356e96098b41ac092fb342a2f2b4685c5ae6e41052d654d744", "source": "polymarket"}
{"timestamp_utc": "2026-03-26T05:51:05Z", "market_key": "SOL5M_2026-03-26T06:00:00Z", "condition_id": "0x7412e29df9bb53ae28ecacca20fb5de584971622883e06673b64fc4fab5a9841", "trade_id": "0xb661e6504eb317b9b08123186e59c0d4cb2c1628e25ea2f88181547815124c6f:14615055879790321666767683865701058080550991112373986926361429412130178652602:1774504265", "side": "buy", "price": 0.46, "size": 10.63, "outcome": "down", "asset": "14615055879790321666767683865701058080550991112373986926361429412130178652602", "transaction_hash": "0xb661e6504eb317b9b08123186e59c0d4cb2c1628e25ea2f88181547815124c6f", "source": "polymarket"}
{"timestamp_utc": "2026-03-26T05:51:07Z", "market_key": "SOL5M_2026-03-26T06:00:00Z", "condition_id": "0x7412e29df9bb53ae28ecacca20fb5de584971622883e06673b64fc4fab5a9841", "trade_id": "0xdc0d7b18ec5f2d290fd7e70d22da5c0de228f3c7d115577beb8aaa6f003d95ed:14615055879790321666767683865701058080550991112373986926361429412130178652602:1774504267", "side": "buy", "price": 0.46, "size": 5.0, "outcome": "down", "asset": "14615055879790321666767683865701058080550991112373986926361429412130178652602", "transaction_hash": "0xdc0d7b18ec5f2d290fd7e70d22da5c0de228f3c7d115577beb8aaa6f003d95ed", "source": "polymarket"}
{"timestamp_utc": "2026-03-26T05:51:13Z", "market_key": "SOL5M_2026-03-26T06:00:00Z", "condition_id": "0x7412e29df9bb53ae28ecacca20fb5de584971622883e06673b64fc4fab5a9841", "trade_id": "0x601be95d03037cb3f82f911dd402db70ec6fdb44b1c92122b144907bb59cf7ba:14615055879790321666767683865701058080550991112373986926361429412130178652602:1774504273", "side": "buy", "price": 0.45999996902356066, "size": 6.45652, "outcome": "down", "asset": "14615055879790321666767683865701058080550991112373986926361429412130178652602", "transaction_hash": "0x601be95d03037cb3f82f911dd402db70ec6fdb44b1c92122b144907bb59cf7ba", "source": "polymarket"}
{"timestamp_utc": "2026-03-26T05:51:21Z", "market_key": "SOL5M_2026-03-26T06:00:00Z", "condition_id": "0x7412e29df9bb53ae28ecacca20fb5de584971622883e06673b64fc4fab5a9841", "trade_id": "0x93aa0abd048a5bdd31c2b7c4701defa5a0762cba873ca0fad4cf64f60336b209:14615055879790321666767683865701058080550991112373986926361429412130178652602:1774504281", "side": "buy", "price": 0.45999997212120675, "size": 8.608694, "outcome": "down", "asset": "14615055879790321666767683865701058080550991112373986926361429412130178652602", "transaction_hash": "0x93aa0abd048a5bdd31c2b7c4701defa5a0762cba873ca0fad4cf64f60336b209", "source": "polymarket"}
{"timestamp_utc": "2026-03-26T05:51:27Z", "market_key": "SOL5M_2026-03-26T06:00:00Z", "condition_id": "0x7412e29df9bb53ae28ecacca20fb5de584971622883e06673b64fc4fab5a9841", "trade_id": "0x46de540c6dd0b268b6b22226f54ceea4aba0ccbfd1135a1d920027992bac1048:14615055879790321666767683865701058080550991112373986926361429412130178652602:1774504287", "side": "buy", "price": 0.45999997212120675, "size": 8.608694, "outcome": "down", "asset": "14615055879790321666767683865701058080550991112373986926361429412130178652602", "transaction_hash": "0x46de540c6dd0b268b6b22226f54ceea4aba0ccbfd1135a1d920027992bac1048", "source": "polymarket"}
{"timestamp_utc": "2026-03-26T05:51:35Z", "market_key": "SOL5M_2026-03-26T06:00:00Z", "condition_id": "0x7412e29df9bb53ae28ecacca20fb5de584971622883e06673b64fc4fab5a9841", "trade_id": "0xfd6d6f56c30c2f5f23de26fea591e7910732637d30b06f4e48f51d90e4e3c265:14615055879790321666767683865701058080550991112373986926361429412130178652602:1774504295", "side": "buy", "price": 0.45999997212120675, "size": 8.608694, "outcome": "down", "asset": "14615055879790321666767683865701058080550991112373986926361429412130178652602", "transaction_hash": "0xfd6d6f56c30c2f5f23de26fea591e7910732637d30b06f4e48f51d90e4e3c265", "source": "polymarket"}
{"timestamp_utc": "2026-03-26T05:51:39Z", "market_key": "SOL5M_2026-03-26T06:00:00Z", "condition_id": "0x7412e29df9bb53ae28ecacca20fb5de584971622883e06673b64fc4fab5a9841", "trade_id": "0x3a1e633999e391da3db387d6c616e526b30bbfe1a8a4f36c1298d743265559b7:60892016707375028300802754861577897237196113688460675346810785965153355132433:1774504299", "side": "buy", "price": 0.55, "size": 10.63, "outcome": "up", "asset": "60892016707375028300802754861577897237196113688460675346810785965153355132433", "transaction_hash": "0x3a1e633999e391da3db387d6c616e526b30bbfe1a8a4f36c1298d743265559b7", "source": "polymarket"}
{"timestamp_utc": "2026-03-26T05:51:39Z", "market_key": "SOL5M_2026-03-26T06:00:00Z", "condition_id": "0x7412e29df9bb53ae28ecacca20fb5de584971622883e06673b64fc4fab5a9841", "trade_id": "0xe0e869e6d5f1c8c6e8d4945c0b40b426c093e7134dc7f8e91042a680ce3a395e:14615055879790321666767683865701058080550991112373986926361429412130178652602:1774504299", "side": "buy", "price": 0.45999997212120675, "size": 8.608694, "outcome": "down", "asset": "14615055879790321666767683865701058080550991112373986926361429412130178652602", "transaction_hash": "0xe0e869e6d5f1c8c6e8d4945c0b40b426c093e7134dc7f8e91042a680ce3a395e", "source": "polymarket"}
{"timestamp_utc": "2026-03-26T05:51:43Z", "market_key": "SOL5M_2026-03-26T06:00:00Z", "condition_id": "0x7412e29df9bb53ae28ecacca20fb5de584971622883e06673b64fc4fab5a9841", "trade_id": "0x28bb147db98d33694f4577d968b846ddeb0d974860b6175920c518fbe35b8be6:14615055879790321666767683865701058080550991112373986926361429412130178652602:1774504303", "side": "buy", "price": 0.45999996902356066, "size": 6.45652, "outcome": "down", "asset": "14615055879790321666767683865701058080550991112373986926361429412130178652602", "transaction_hash": "0x28bb147db98d33694f4577d968b846ddeb0d974860b6175920c518fbe35b8be6", "source": "polymarket"}
{"timestamp_utc": "2026-03-26T05:51:49Z", "market_key": "SOL5M_2026-03-26T06:00:00Z", "condition_id": "0x7412e29df9bb53ae28ecacca20fb5de584971622883e06673b64fc4fab5a9841", "trade_id": "0x80cdd4f581ed159a004eda562b4a8aa3268c8e812af1d51075e3f6ea1b9c0e53:14615055879790321666767683865701058080550991112373986926361429412130178652602:1774504309", "side": "buy", "price": 0.45999997212120675, "size": 8.608694, "outcome": "down", "asset": "14615055879790321666767683865701058080550991112373986926361429412130178652602", "transaction_hash": "0x80cdd4f581ed159a004eda562b4a8aa3268c8e812af1d51075e3f6ea1b9c0e53", "source": "polymarket"}
{"timestamp_utc": "2026-03-26T05:51:51Z", "market_key": "SOL5M_2026-03-26T06:00:00Z", "condition_id": "0x7412e29df9bb53ae28ecacca20fb5de584971622883e06673b64fc4fab5a9841", "trade_id": "0xf92497973441723c1501d4b23216bdccb35b1bbe0b0790d562244d5044e4ec3a:14615055879790321666767683865701058080550991112373986926361429412130178652602:1774504311", "side": "buy", "price": 0.4599999141332921, "size": 3.260868, "outcome": "down", "asset": "14615055879790321666767683865701058080550991112373986926361429412130178652602", "transaction_hash": "0xf92497973441723c1501d4b23216bdccb35b1bbe0b0790d562244d5044e4ec3a", "source": "polymarket"}
{"timestamp_utc": "2026-03-26T05:51:53Z", "market_key": "SOL5M_2026-03-26T06:00:00Z", "condition_id": "0x7412e29df9bb53ae28ecacca20fb5de584971622883e06673b64fc4fab5a9841", "trade_id": "0x4ae0e62b7a852cffcc9a8c0669e7108e27fea1b4a3cfae55285599ad3dca52d9:60892016707375028300802754861577897237196113688460675346810785965153355132433:1774504313", "side": "buy", "price": 0.55, "size": 11.0, "outcome": "up", "asset": "60892016707375028300802754861577897237196113688460675346810785965153355132433", "transaction_hash": "0x4ae0e62b7a852cffcc9a8c0669e7108e27fea1b4a3cfae55285599ad3dca52d9", "source": "polymarket"}
{"timestamp_utc": "2026-03-26T05:51:55Z", "market_key": "SOL5M_2026-03-26T06:00:00Z", "condition_id": "0x7412e29df9bb53ae28ecacca20fb5de584971622883e06673b64fc4fab5a9841", "trade_id": "0xaf8209206015c927a1aeeae33822d4ca9142ac4d4688389c33a2120a500ffc04:60892016707375028300802754861577897237196113688460675346810785965153355132433:1774504315", "side": "buy", "price": 0.55, "size": 11.0, "outcome": "up", "asset": "60892016707375028300802754861577897237196113688460675346810785965153355132433", "transaction_hash": "0xaf8209206015c927a1aeeae33822d4ca9142ac4d4688389c33a2120a500ffc04", "source": "polymarket"}
{"timestamp_utc": "2026-03-26T05:51:55Z", "market_key": "SOL5M_2026-03-26T06:00:00Z", "condition_id": "0x7412e29df9bb53ae28ecacca20fb5de584971622883e06673b64fc4fab5a9841", "trade_id": "0x3377fb454c314d2deb9b1ed8abe0eeed673d33124338c7734199ef7e4cd0860c:14615055879790321666767683865701058080550991112373986926361429412130178652602:1774504315", "side": "buy", "price": 0.45999997212120675, "size": 8.608694, "outcome": "down", "asset": "14615055879790321666767683865701058080550991112373986926361429412130178652602", "transaction_hash": "0x3377fb454c314d2deb9b1ed8abe0eeed673d33124338c7734199ef7e4cd0860c", "source": "polymarket"}
{"timestamp_utc": "2026-03-26T05:51:59Z", "market_key": "SOL5M_2026-03-26T06:00:00Z", "condition_id": "0x7412e29df9bb53ae28ecacca20fb5de584971622883e06673b64fc4fab5a9841", "trade_id": "0x0bc4ac58deddf579279dbd39e56931f17e2b31ca22ddc2e836f0d89fab5655eb:14615055879790321666767683865701058080550991112373986926361429412130178652602:1774504319", "side": "buy", "price": 0.45999997212120675, "size": 8.608694, "outcome": "down", "asset": "14615055879790321666767683865701058080550991112373986926361429412130178652602", "transaction_hash": "0x0bc4ac58deddf579279dbd39e56931f17e2b31ca22ddc2e836f0d89fab5655eb", "source": "polymarket"}
{"timestamp_utc": "2026-03-26T05:52:05Z", "market_key": "SOL5M_2026-03-26T06:00:00Z", "condition_id": "0x7412e29df9bb53ae28ecacca20fb5de584971622883e06673b64fc4fab5a9841", "trade_id": "0xb71a9ec066ef21e210bc4060d7f4f577643b65cdbf0503caa938ad5abe29b804:14615055879790321666767683865701058080550991112373986926361429412130178652602:1774504325", "side": "buy", "price": 0.4630887206878506, "size": 8.551275, "outcome": "down", "asset": "14615055879790321666767683865701058080550991112373986926361429412130178652602", "transaction_hash": "0xb71a9ec066ef21e210bc4060d7f4f577643b65cdbf0503caa938ad5abe29b804", "source": "polymarket"}
{"timestamp_utc": "2026-03-26T05:52:15Z", "market_key": "SOL5M_2026-03-26T06:00:00Z", "condition_id": "0x7412e29df9bb53ae28ecacca20fb5de584971622883e06673b64fc4fab5a9841", "trade_id": "0x86eece91d2b21bfdf115c6734f5cbbd3ca16a34e36d8a44253c866de6696a64e:14615055879790321666767683865701058080550991112373986926361429412130178652602:1774504335", "side": "buy", "price": 0.46999998813131044, "size": 8.42553, "outcome": "down", "asset": "14615055879790321666767683865701058080550991112373986926361429412130178652602", "transaction_hash": "0x86eece91d2b21bfdf115c6734f5cbbd3ca16a34e36d8a44253c866de6696a64e", "source": "polymarket"}
{"timestamp_utc": "2026-03-26T05:52:19Z", "market_key": "SOL5M_2026-03-26T06:00:00Z", "condition_id": "0x7412e29df9bb53ae28ecacca20fb5de584971622883e06673b64fc4fab5a9841", "trade_id": "0xeeba7fd3fa1b892329574b79395c35a91ce258633073887d7352a6d9a12a60e4:14615055879790321666767683865701058080550991112373986926361429412130178652602:1774504339", "side": "buy", "price": 0.4699999857575714, "size": 6.319147, "outcome": "down", "asset": "14615055879790321666767683865701058080550991112373986926361429412130178652602", "transaction_hash": "0xeeba7fd3fa1b892329574b79395c35a91ce258633073887d7352a6d9a12a60e4", "source": "polymarket"}
{"timestamp_utc": "2026-03-26T05:52:21Z", "market_key": "SOL5M_2026-03-26T06:00:00Z", "condition_id": "0x7412e29df9bb53ae28ecacca20fb5de584971622883e06673b64fc4fab5a9841", "trade_id": "0x14ab3a30e6b8ddbce9f5f9e9375ddbf639227e7c9374689a8b165242661589ac:14615055879790321666767683865701058080550991112373986926361429412130178652602:1774504341", "side": "buy", "price": 0.47914, "size": 5.0, "outcome": "down", "asset": "14615055879790321666767683865701058080550991112373986926361429412130178652602", "transaction_hash": "0x14ab3a30e6b8ddbce9f5f9e9375ddbf639227e7c9374689a8b165242661589ac", "source": "polymarket"}
{"timestamp_utc": "2026-03-26T05:52:27Z", "market_key": "SOL5M_2026-03-26T06:00:00Z", "condition_id": "0x7412e29df9bb53ae28ecacca20fb5de584971622883e06673b64fc4fab5a9841", "trade_id": "0xb5eb12ae541d42b27fb04d3e8922bc12c0eed93e0f3aae6ccd9d788a62211719:14615055879790321666767683865701058080550991112373986926361429412130178652602:1774504347", "side": "buy", "price": 0.48, "size": 6.1875, "outcome": "down", "asset": "14615055879790321666767683865701058080550991112373986926361429412130178652602", "transaction_hash": "0xb5eb12ae541d42b27fb04d3e8922bc12c0eed93e0f3aae6ccd9d788a62211719", "source": "polymarket"}
{"timestamp_utc": "2026-03-26T05:52:29Z", "market_key": "SOL5M_2026-03-26T06:00:00Z", "condition_id": "0x7412e29df9bb53ae28ecacca20fb5de584971622883e06673b64fc4fab5a9841", "trade_id": "0x3a059638e0428dcb50935e309f622ccf667cba3c75a9ee1f9fd07e2802dc58ff:14615055879790321666767683865701058080550991112373986926361429412130178652602:1774504349", "side": "buy", "price": 0.48, "size": 8.25, "outcome": "down", "asset": "14615055879790321666767683865701058080550991112373986926361429412130178652602", "transaction_hash": "0x3a059638e0428dcb50935e309f622ccf667cba3c75a9ee1f9fd07e2802dc58ff", "source": "polymarket"}
{"timestamp_utc": "2026-03-26T05:52:47Z", "market_key": "SOL5M_2026-03-26T06:00:00Z", "condition_id": "0x7412e29df9bb53ae28ecacca20fb5de584971622883e06673b64fc4fab5a9841", "trade_id": "0xa5c8b4d60da2ac12b208db086ac093cf3ed80ae91d6ac6134340150bc4699e85:14615055879790321666767683865701058080550991112373986926361429412130178652602:1774504367", "side": "buy", "price": 0.4699999857575714, "size": 6.319147, "outcome": "down", "asset": "14615055879790321666767683865701058080550991112373986926361429412130178652602", "transaction_hash": "0xa5c8b4d60da2ac12b208db086ac093cf3ed80ae91d6ac6134340150bc4699e85", "source": "polymarket"}
{"timestamp_utc": "2026-03-26T05:52:57Z", "market_key": "SOL5M_2026-03-26T06:00:00Z", "condition_id": "0x7412e29df9bb53ae28ecacca20fb5de584971622883e06673b64fc4fab5a9841", "trade_id": "0x2fa32b4fcbbee6997814c2ef2b76bc619f486032b9ff0395e1f9a98228129a39:14615055879790321666767683865701058080550991112373986926361429412130178652602:1774504377", "side": "buy", "price": 0.46999998813131044, "size": 8.42553, "outcome": "down", "asset": "14615055879790321666767683865701058080550991112373986926361429412130178652602", "transaction_hash": "0x2fa32b4fcbbee6997814c2ef2b76bc619f486032b9ff0395e1f9a98228129a39", "source": "polymarket"}
{"timestamp_utc": "2026-03-26T05:53:17Z", "market_key": "SOL5M_2026-03-26T06:00:00Z", "condition_id": "0x7412e29df9bb53ae28ecacca20fb5de584971622883e06673b64fc4fab5a9841", "trade_id": "0x3e9d521645aeed151a64976f67edf546c2e0576cc64a546c99e8b385b5650b20:14615055879790321666767683865701058080550991112373986926361429412130178652602:1774504397", "side": "buy", "price": 0.4699999857575714, "size": 6.319147, "outcome": "down", "asset": "14615055879790321666767683865701058080550991112373986926361429412130178652602", "transaction_hash": "0x3e9d521645aeed151a64976f67edf546c2e0576cc64a546c99e8b385b5650b20", "source": "polymarket"}
{"timestamp_utc": "2026-03-26T05:53:31Z", "market_key": "SOL5M_2026-03-26T06:00:00Z", "condition_id": "0x7412e29df9bb53ae28ecacca20fb5de584971622883e06673b64fc4fab5a9841", "trade_id": "0xb12c02c95bcb4952d659f43fc25ebde5c719e6215f4bde7cbb555b0a096a34bc:14615055879790321666767683865701058080550991112373986926361429412130178652602:1774504411", "side": "buy", "price": 0.46999999821399996, "size": 106.382977, "outcome": "down", "asset": "14615055879790321666767683865701058080550991112373986926361429412130178652602", "transaction_hash": "0xb12c02c95bcb4952d659f43fc25ebde5c719e6215f4bde7cbb555b0a096a34bc", "source": "polymarket"}
{"timestamp_utc": "2026-03-26T05:53:33Z", "market_key": "SOL5M_2026-03-26T06:00:00Z", "condition_id": "0x7412e29df9bb53ae28ecacca20fb5de584971622883e06673b64fc4fab5a9841", "trade_id": "0xa3c732242e87df8028b702ec57ac1dafbd8b50470eefa2c1e796fad6ae86821f:14615055879790321666767683865701058080550991112373986926361429412130178652602:1774504413", "side": "buy", "price": 0.46999998813131044, "size": 8.42553, "outcome": "down", "asset": "14615055879790321666767683865701058080550991112373986926361429412130178652602", "transaction_hash": "0xa3c732242e87df8028b702ec57ac1dafbd8b50470eefa2c1e796fad6ae86821f", "source": "polymarket"}
{"timestamp_utc": "2026-03-26T05:53:43Z", "market_key": "SOL5M_2026-03-26T06:00:00Z", "condition_id": "0x7412e29df9bb53ae28ecacca20fb5de584971622883e06673b64fc4fab5a9841", "trade_id": "0xf9857f63ed1de3ba4b68fdaccbeb5ef86c426609094ad6daae5ab5ed29885f01:14615055879790321666767683865701058080550991112373986926361429412130178652602:1774504423", "side": "buy", "price": 0.46069302214258934, "size": 6.446807, "outcome": "down", "asset": "14615055879790321666767683865701058080550991112373986926361429412130178652602", "transaction_hash": "0xf9857f63ed1de3ba4b68fdaccbeb5ef86c426609094ad6daae5ab5ed29885f01", "source": "polymarket"}
{"timestamp_utc": "2026-03-26T05:54:01Z", "market_key": "SOL5M_2026-03-26T06:00:00Z", "condition_id": "0x7412e29df9bb53ae28ecacca20fb5de584971622883e06673b64fc4fab5a9841", "trade_id": "0xac79f4baef53d035b29e3e039f7e8a7d306b261cbffea3e91253389f5a5d1ed6:14615055879790321666767683865701058080550991112373986926361429412130178652602:1774504441", "side": "buy", "price": 0.4899999764898942, "size": 8.081631, "outcome": "down", "asset": "14615055879790321666767683865701058080550991112373986926361429412130178652602", "transaction_hash": "0xac79f4baef53d035b29e3e039f7e8a7d306b261cbffea3e91253389f5a5d1ed6", "source": "polymarket"}
{"timestamp_utc": "2026-03-26T05:54:01Z", "market_key": "SOL5M_2026-03-26T06:00:00Z", "condition_id": "0x7412e29df9bb53ae28ecacca20fb5de584971622883e06673b64fc4fab5a9841", "trade_id": "0xebc70bee6f6b2cd5dfcbe618dc71e4ce6edd2a0239c2ba1392aef0da13cfa77a:14615055879790321666767683865701058080550991112373986926361429412130178652602:1774504441", "side": "buy", "price": 0.4811945846687858, "size": 33.354488, "outcome": "down", "asset": "14615055879790321666767683865701058080550991112373986926361429412130178652602", "transaction_hash": "0xebc70bee6f6b2cd5dfcbe618dc71e4ce6edd2a0239c2ba1392aef0da13cfa77a", "source": "polymarket"}
{"timestamp_utc": "2026-03-26T05:54:05Z", "market_key": "SOL5M_2026-03-26T06:00:00Z", "condition_id": "0x7412e29df9bb53ae28ecacca20fb5de584971622883e06673b64fc4fab5a9841", "trade_id": "0x6f042a22684c444c343cf3f3f97bd5701f2741a0461ce38baaa5c7718b885006:14615055879790321666767683865701058080550991112373986926361429412130178652602:1774504445", "side": "buy", "price": 0.48999982849988855, "size": 2.040815, "outcome": "down", "asset": "14615055879790321666767683865701058080550991112373986926361429412130178652602", "transaction_hash": "0x6f042a22684c444c343cf3f3f97bd5701f2741a0461ce38baaa5c7718b885006", "source": "polymarket"}
{"timestamp_utc": "2026-03-26T05:54:29Z", "market_key": "SOL5M_2026-03-26T06:00:00Z", "condition_id": "0x7412e29df9bb53ae28ecacca20fb5de584971622883e06673b64fc4fab5a9841", "trade_id": "0xf1cf74d11287a2d17693886e3822e6627cced39d090262a46b83f00909ab2325:14615055879790321666767683865701058080550991112373986926361429412130178652602:1774504469", "side": "buy", "price": 0.4699998777999096, "size": 2.127658, "outcome": "down", "asset": "14615055879790321666767683865701058080550991112373986926361429412130178652602", "transaction_hash": "0xf1cf74d11287a2d17693886e3822e6627cced39d090262a46b83f00909ab2325", "source": "polymarket"}
{"timestamp_utc": "2026-03-26T05:54:31Z", "market_key": "SOL5M_2026-03-26T06:00:00Z", "condition_id": "0x7412e29df9bb53ae28ecacca20fb5de584971622883e06673b64fc4fab5a9841", "trade_id": "0xe27cd8535faffd456333044b010233ce008029bee7515c87f51540ad5c37fd10:14615055879790321666767683865701058080550991112373986926361429412130178652602:1774504471", "side": "buy", "price": 0.4699999857575714, "size": 6.319147, "outcome": "down", "asset": "14615055879790321666767683865701058080550991112373986926361429412130178652602", "transaction_hash": "0xe27cd8535faffd456333044b010233ce008029bee7515c87f51540ad5c37fd10", "source": "polymarket"}
{"timestamp_utc": "2026-03-26T05:54:33Z", "market_key": "SOL5M_2026-03-26T06:00:00Z", "condition_id": "0x7412e29df9bb53ae28ecacca20fb5de584971622883e06673b64fc4fab5a9841", "trade_id": "0x0cf8487af055f652c67c719347b4daf3ab9ece106e868e749e5b8e2927eb0915:14615055879790321666767683865701058080550991112373986926361429412130178652602:1774504473", "side": "buy", "price": 0.4875866682443465, "size": 8.121631, "outcome": "down", "asset": "14615055879790321666767683865701058080550991112373986926361429412130178652602", "transaction_hash": "0x0cf8487af055f652c67c719347b4daf3ab9ece106e868e749e5b8e2927eb0915", "source": "polymarket"}
{"timestamp_utc": "2026-03-26T05:54:35Z", "market_key": "SOL5M_2026-03-26T06:00:00Z", "condition_id": "0x7412e29df9bb53ae28ecacca20fb5de584971622883e06673b64fc4fab5a9841", "trade_id": "0xe4573cb6eac7b38d7cc59bdfb2b79b75ba0d82ea6b03af36cce9fed63f5c9e89:14615055879790321666767683865701058080550991112373986926361429412130178652602:1774504475", "side": "buy", "price": 0.49, "size": 11.0, "outcome": "down", "asset": "14615055879790321666767683865701058080550991112373986926361429412130178652602", "transaction_hash": "0xe4573cb6eac7b38d7cc59bdfb2b79b75ba0d82ea6b03af36cce9fed63f5c9e89", "source": "polymarket"}
{"timestamp_utc": "2026-03-26T05:54:35Z", "market_key": "SOL5M_2026-03-26T06:00:00Z", "condition_id": "0x7412e29df9bb53ae28ecacca20fb5de584971622883e06673b64fc4fab5a9841", "trade_id": "0xfeae2e97ba07c70201222f87845810970c18246e541116b2e1c909dd03a0221f:60892016707375028300802754861577897237196113688460675346810785965153355132433:1774504475", "side": "buy", "price": 0.5574963137717488, "size": 33.91, "outcome": "up", "asset": "60892016707375028300802754861577897237196113688460675346810785965153355132433", "transaction_hash": "0xfeae2e97ba07c70201222f87845810970c18246e541116b2e1c909dd03a0221f", "source": "polymarket"}
{"timestamp_utc": "2026-03-26T05:54:41Z", "market_key": "SOL5M_2026-03-26T06:00:00Z", "condition_id": "0x7412e29df9bb53ae28ecacca20fb5de584971622883e06673b64fc4fab5a9841", "trade_id": "0x7b9fd9845634e82e044a4279d4f80b4f48efe557489aec65a4827ff649bb3e50:14615055879790321666767683865701058080550991112373986926361429412130178652602:1774504481", "side": "buy", "price": 0.44, "size": 9.0, "outcome": "down", "asset": "14615055879790321666767683865701058080550991112373986926361429412130178652602", "transaction_hash": "0x7b9fd9845634e82e044a4279d4f80b4f48efe557489aec65a4827ff649bb3e50", "source": "polymarket"}
{"timestamp_utc": "2026-03-26T05:54:49Z", "market_key": "SOL5M_2026-03-26T06:00:00Z", "condition_id": "0x7412e29df9bb53ae28ecacca20fb5de584971622883e06673b64fc4fab5a9841", "trade_id": "0xbcc89b07fc61f06659fcf00b27257e1a2aeb4d170b7fd35937111a443bde5abe:14615055879790321666767683865701058080550991112373986926361429412130178652602:1774504489", "side": "buy", "price": 0.44, "size": 6.75, "outcome": "down", "asset": "14615055879790321666767683865701058080550991112373986926361429412130178652602", "transaction_hash": "0xbcc89b07fc61f06659fcf00b27257e1a2aeb4d170b7fd35937111a443bde5abe", "source": "polymarket"}
{"timestamp_utc": "2026-03-26T05:54:51Z", "market_key": "SOL5M_2026-03-26T06:00:00Z", "condition_id": "0x7412e29df9bb53ae28ecacca20fb5de584971622883e06673b64fc4fab5a9841", "trade_id": "0x2432d328bc4356116cec1cbdab2c925c94db20d5895c4bfade0bdf6bf4bfef1c:14615055879790321666767683865701058080550991112373986926361429412130178652602:1774504491", "side": "buy", "price": 0.44, "size": 6.75, "outcome": "down", "asset": "14615055879790321666767683865701058080550991112373986926361429412130178652602", "transaction_hash": "0x2432d328bc4356116cec1cbdab2c925c94db20d5895c4bfade0bdf6bf4bfef1c", "source": "polymarket"}
{"timestamp_utc": "2026-03-26T05:54:53Z", "market_key": "SOL5M_2026-03-26T06:00:00Z", "condition_id": "0x7412e29df9bb53ae28ecacca20fb5de584971622883e06673b64fc4fab5a9841", "trade_id": "0x77205b062078963fbfad4a3fa0f9cf145c8e9c6f376469a6851395484b12492c:14615055879790321666767683865701058080550991112373986926361429412130178652602:1774504493", "side": "buy", "price": 0.44, "size": 6.75, "outcome": "down", "asset": "14615055879790321666767683865701058080550991112373986926361429412130178652602", "transaction_hash": "0x77205b062078963fbfad4a3fa0f9cf145c8e9c6f376469a6851395484b12492c", "source": "polymarket"}
{"timestamp_utc": "2026-03-26T05:54:57Z", "market_key": "SOL5M_2026-03-26T06:00:00Z", "condition_id": "0x7412e29df9bb53ae28ecacca20fb5de584971622883e06673b64fc4fab5a9841", "trade_id": "0xc11ca8a46aaf3ea3b4fd480361fd63ebe569d56b1701530e28147a9a238c429e:14615055879790321666767683865701058080550991112373986926361429412130178652602:1774504497", "side": "buy", "price": 0.44, "size": 12.0, "outcome": "down", "asset": "14615055879790321666767683865701058080550991112373986926361429412130178652602", "transaction_hash": "0xc11ca8a46aaf3ea3b4fd480361fd63ebe569d56b1701530e28147a9a238c429e", "source": "polymarket"}
{"timestamp_utc": "2026-03-26T05:54:57Z", "market_key": "SOL5M_2026-03-26T06:00:00Z", "condition_id": "0x7412e29df9bb53ae28ecacca20fb5de584971622883e06673b64fc4fab5a9841", "trade_id": "0xd3e11408c5de6868bcdb64c27e7b8e29ec5b71fabdc39f0d47658267d6f51187:14615055879790321666767683865701058080550991112373986926361429412130178652602:1774504497", "side": "buy", "price": 0.44, "size": 6.75, "outcome": "down", "asset": "14615055879790321666767683865701058080550991112373986926361429412130178652602", "transaction_hash": "0xd3e11408c5de6868bcdb64c27e7b8e29ec5b71fabdc39f0d47658267d6f51187", "source": "polymarket"}
{"timestamp_utc": "2026-03-26T05:55:03Z", "market_key": "SOL5M_2026-03-26T06:00:00Z", "condition_id": "0x7412e29df9bb53ae28ecacca20fb5de584971622883e06673b64fc4fab5a9841", "trade_id": "0xea4e5d437e1677f486f4fbf1cfbc62e24206749b3347adfd2f60cf4a598a03e6:60892016707375028300802754861577897237196113688460675346810785965153355132433:1774504503", "side": "buy", "price": 0.63, "size": 5.0, "outcome": "up", "asset": "60892016707375028300802754861577897237196113688460675346810785965153355132433", "transaction_hash": "0xea4e5d437e1677f486f4fbf1cfbc62e24206749b3347adfd2f60cf4a598a03e6", "source": "polymarket"}
{"timestamp_utc": "2026-03-26T05:55:03Z", "market_key": "SOL5M_2026-03-26T06:00:00Z", "condition_id": "0x7412e29df9bb53ae28ecacca20fb5de584971622883e06673b64fc4fab5a9841", "trade_id": "0x05dfbfb3545d86354cd0d5fdc24f2ffb0ca81fb56d3650dd4f1258fbf79c0ace:14615055879790321666767683865701058080550991112373986926361429412130178652602:1774504503", "side": "buy", "price": 0.43999997267080065, "size": 7.31818, "outcome": "down", "asset": "14615055879790321666767683865701058080550991112373986926361429412130178652602", "transaction_hash": "0x05dfbfb3545d86354cd0d5fdc24f2ffb0ca81fb56d3650dd4f1258fbf79c0ace", "source": "polymarket"}
{"timestamp_utc": "2026-03-26T05:55:03Z", "market_key": "SOL5M_2026-03-26T06:00:00Z", "condition_id": "0x7412e29df9bb53ae28ecacca20fb5de584971622883e06673b64fc4fab5a9841", "trade_id": "0xe2c063801fb10c43479428789f24d8233f8bfaf3d11fa7157e28c190b42caf46:60892016707375028300802754861577897237196113688460675346810785965153355132433:1774504503", "side": "buy", "price": 0.5699999711999953, "size": 8.333332, "outcome": "up", "asset": "60892016707375028300802754861577897237196113688460675346810785965153355132433", "transaction_hash": "0xe2c063801fb10c43479428789f24d8233f8bfaf3d11fa7157e28c190b42caf46", "source": "polymarket"}
{"timestamp_utc": "2026-03-26T05:55:05Z", "market_key": "SOL5M_2026-03-26T06:00:00Z", "condition_id": "0x7412e29df9bb53ae28ecacca20fb5de584971622883e06673b64fc4fab5a9841", "trade_id": "0xd13afc68796b0f3e8f9dae2140ecf45df2f4860148889d73ce3cf96c2c40c2da:60892016707375028300802754861577897237196113688460675346810785965153355132433:1774504505", "side": "buy", "price": 0.62, "size": 10.0, "outcome": "up", "asset": "60892016707375028300802754861577897237196113688460675346810785965153355132433", "transaction_hash": "0xd13afc68796b0f3e8f9dae2140ecf45df2f4860148889d73ce3cf96c2c40c2da", "source": "polymarket"}
{"timestamp_utc": "2026-03-26T05:55:05Z", "market_key": "SOL5M_2026-03-26T06:00:00Z", "condition_id": "0x7412e29df9bb53ae28ecacca20fb5de584971622883e06673b64fc4fab5a9841", "trade_id": "0xaee1e195edaf6ba2d10979436a3a0478f7b33dcaf3cdc00abc72e9537d3956d8:60892016707375028300802754861577897237196113688460675346810785965153355132433:1774504505", "side": "buy", "price": 0.62, "size": 10.0, "outcome": "up", "asset": "60892016707375028300802754861577897237196113688460675346810785965153355132433", "transaction_hash": "0xaee1e195edaf6ba2d10979436a3a0478f7b33dcaf3cdc00abc72e9537d3956d8", "source": "polymarket"}
{"timestamp_utc": "2026-03-26T05:55:05Z", "market_key": "SOL5M_2026-03-26T06:00:00Z", "condition_id": "0x7412e29df9bb53ae28ecacca20fb5de584971622883e06673b64fc4fab5a9841", "trade_id": "0xdb2f89385576f36f23332880b0d7032ee55e55e85bd48e46a755046d0b82105a:14615055879790321666767683865701058080550991112373986926361429412130178652602:1774504505", "side": "buy", "price": 0.4525814875374281, "size": 44.389794, "outcome": "down", "asset": "14615055879790321666767683865701058080550991112373986926361429412130178652602", "transaction_hash": "0xdb2f89385576f36f23332880b0d7032ee55e55e85bd48e46a755046d0b82105a", "source": "polymarket"}
{"timestamp_utc": "2026-03-26T05:55:05Z", "market_key": "SOL5M_2026-03-26T06:00:00Z", "condition_id": "0x7412e29df9bb53ae28ecacca20fb5de584971622883e06673b64fc4fab5a9841", "trade_id": "0xffe371cd7829cd98a3d26a44b70e0e6d810c8c07664050f3a47d86f753a9eb96:14615055879790321666767683865701058080550991112373986926361429412130178652602:1774504505", "side": "buy", "price": 0.44, "size": 61.0, "outcome": "down", "asset": "14615055879790321666767683865701058080550991112373986926361429412130178652602", "transaction_hash": "0xffe371cd7829cd98a3d26a44b70e0e6d810c8c07664050f3a47d86f753a9eb96", "source": "polymarket"}
{"timestamp_utc": "2026-03-26T05:55:05Z", "market_key": "SOL5M_2026-03-26T06:00:00Z", "condition_id": "0x7412e29df9bb53ae28ecacca20fb5de584971622883e06673b64fc4fab5a9841", "trade_id": "0xf95d89c572b29e89bb3a9bfe7652a5ab29051a66c72d6d4d8f5d5418a144a2e8:14615055879790321666767683865701058080550991112373986926361429412130178652602:1774504505", "side": "buy", "price": 0.4385967213114754, "size": 61.0, "outcome": "down", "asset": "14615055879790321666767683865701058080550991112373986926361429412130178652602", "transaction_hash": "0xf95d89c572b29e89bb3a9bfe7652a5ab29051a66c72d6d4d8f5d5418a144a2e8", "source": "polymarket"}
{"timestamp_utc": "2026-03-26T05:55:05Z", "market_key": "SOL5M_2026-03-26T06:00:00Z", "condition_id": "0x7412e29df9bb53ae28ecacca20fb5de584971622883e06673b64fc4fab5a9841", "trade_id": "0x11e57e86f5d7f18c4a036704f09290018284ef575d5663b1a3f94bf6ecaa7f3f:14615055879790321666767683865701058080550991112373986926361429412130178652602:1774504505", "side": "buy", "price": 0.44, "size": 61.0, "outcome": "down", "asset": "14615055879790321666767683865701058080550991112373986926361429412130178652602", "transaction_hash": "0x11e57e86f5d7f18c4a036704f09290018284ef575d5663b1a3f94bf6ecaa7f3f", "source": "polymarket"}
{"timestamp_utc": "2026-03-26T05:55:07Z", "market_key": "SOL5M_2026-03-26T06:00:00Z", "condition_id": "0x7412e29df9bb53ae28ecacca20fb5de584971622883e06673b64fc4fab5a9841", "trade_id": "0xf762ca9b00a429dd2b256586de72f40f35c5ded6e0eac58d82e2bab4938eb4c4:14615055879790321666767683865701058080550991112373986926361429412130178652602:1774504507", "side": "buy", "price": 0.48, "size": 24.51, "outcome": "down", "asset": "14615055879790321666767683865701058080550991112373986926361429412130178652602", "transaction_hash": "0xf762ca9b00a429dd2b256586de72f40f35c5ded6e0eac58d82e2bab4938eb4c4", "source": "polymarket"}
{"timestamp_utc": "2026-03-26T05:55:07Z", "market_key": "SOL5M_2026-03-26T06:00:00Z", "condition_id": "0x7412e29df9bb53ae28ecacca20fb5de584971622883e06673b64fc4fab5a9841", "trade_id": "0xc2cc2d16703b2592bb3c5f4e44710a92329c99a07f7465790f05589350658151:60892016707375028300802754861577897237196113688460675346810785965153355132433:1774504507", "side": "buy", "price": 0.52, "size": 10.0, "outcome": "up", "asset": "60892016707375028300802754861577897237196113688460675346810785965153355132433", "transaction_hash": "0xc2cc2d16703b2592bb3c5f4e44710a92329c99a07f7465790f05589350658151", "source": "polymarket"}
{"timestamp_utc": "2026-03-26T05:55:07Z", "market_key": "SOL5M_2026-03-26T06:00:00Z", "condition_id": "0x7412e29df9bb53ae28ecacca20fb5de584971622883e06673b64fc4fab5a9841", "trade_id": "0xe0adf99b327f386edd0ec5e624998320564c97649cb534796d309766ead64bd4:60892016707375028300802754861577897237196113688460675346810785965153355132433:1774504507", "side": "buy", "price": 0.52, "size": 71.65, "outcome": "up", "asset": "60892016707375028300802754861577897237196113688460675346810785965153355132433", "transaction_hash": "0xe0adf99b327f386edd0ec5e624998320564c97649cb534796d309766ead64bd4", "source": "polymarket"}
{"timestamp_utc": "2026-03-26T05:55:07Z", "market_key": "SOL5M_2026-03-26T06:00:00Z", "condition_id": "0x7412e29df9bb53ae28ecacca20fb5de584971622883e06673b64fc4fab5a9841", "trade_id": "0x203333857709109c6399f36ebe33166a5733ed8c071b432c7073f779ae09edf9:60892016707375028300802754861577897237196113688460675346810785965153355132433:1774504507", "side": "buy", "price": 0.52, "size": 5.26, "outcome": "up", "asset": "60892016707375028300802754861577897237196113688460675346810785965153355132433", "transaction_hash": "0x203333857709109c6399f36ebe33166a5733ed8c071b432c7073f779ae09edf9", "source": "polymarket"}
{"timestamp_utc": "2026-03-26T05:55:07Z", "market_key": "SOL5M_2026-03-26T06:00:00Z", "condition_id": "0x7412e29df9bb53ae28ecacca20fb5de584971622883e06673b64fc4fab5a9841", "trade_id": "0x3a6216d8688310bfa21fe40acc424ce18b41fb96b61200e304b274a095cb79d3:60892016707375028300802754861577897237196113688460675346810785965153355132433:1774504507", "side": "buy", "price": 0.5199999880459704, "size": 3.346152, "outcome": "up", "asset": "60892016707375028300802754861577897237196113688460675346810785965153355132433", "transaction_hash": "0x3a6216d8688310bfa21fe40acc424ce18b41fb96b61200e304b274a095cb79d3", "source": "polymarket"}
{"timestamp_utc": "2026-03-26T05:55:09Z", "market_key": "SOL5M_2026-03-26T06:00:00Z", "condition_id": "0x7412e29df9bb53ae28ecacca20fb5de584971622883e06673b64fc4fab5a9841", "trade_id": "0x6a4065e0c4cb60a66f5491f4467c30407196a0f1458334b687ab4c55f82284d0:14615055879790321666767683865701058080550991112373986926361429412130178652602:1774504509", "side": "buy", "price": 0.5399999974407577, "size": 7.814813, "outcome": "down", "asset": "14615055879790321666767683865701058080550991112373986926361429412130178652602", "transaction_hash": "0x6a4065e0c4cb60a66f5491f4467c30407196a0f1458334b687ab4c55f82284d0", "source": "polymarket"}
{"timestamp_utc": "2026-03-26T05:55:09Z", "market_key": "SOL5M_2026-03-26T06:00:00Z", "condition_id": "0x7412e29df9bb53ae28ecacca20fb5de584971622883e06673b64fc4fab5a9841", "trade_id": "0xb6145ac90760f7d7ef163136c6defa9244da7f4eb52bf9bd57a65bdeaf659454:14615055879790321666767683865701058080550991112373986926361429412130178652602:1774504509", "side": "buy", "price": 0.48, "size": 15.0, "outcome": "down", "asset": "14615055879790321666767683865701058080550991112373986926361429412130178652602", "transaction_hash": "0xb6145ac90760f7d7ef163136c6defa9244da7f4eb52bf9bd57a65bdeaf659454", "source": "polymarket"}
{"timestamp_utc": "2026-03-26T05:55:09Z", "market_key": "SOL5M_2026-03-26T06:00:00Z", "condition_id": "0x7412e29df9bb53ae28ecacca20fb5de584971622883e06673b64fc4fab5a9841", "trade_id": "0xf11e39b457043d631db4cac41d7c488d9dce3957e948bdc692a2e278335164ae:14615055879790321666767683865701058080550991112373986926361429412130178652602:1774504509", "side": "buy", "price": 0.5499999618937583, "size": 7.872726, "outcome": "down", "asset": "14615055879790321666767683865701058080550991112373986926361429412130178652602", "transaction_hash": "0xf11e39b457043d631db4cac41d7c488d9dce3957e948bdc692a2e278335164ae", "source": "polymarket"}
{"timestamp_utc": "2026-03-26T05:55:09Z", "market_key": "SOL5M_2026-03-26T06:00:00Z", "condition_id": "0x7412e29df9bb53ae28ecacca20fb5de584971622883e06673b64fc4fab5a9841", "trade_id": "0x599afa9d65607d06b50da0579fc242d4555d447ac749e40f86c33d558deb43b8:14615055879790321666767683865701058080550991112373986926361429412130178652602:1774504509", "side": "buy", "price": 0.46, "size": 15.0, "outcome": "down", "asset": "14615055879790321666767683865701058080550991112373986926361429412130178652602", "transaction_hash": "0x599afa9d65607d06b50da0579fc242d4555d447ac749e40f86c33d558deb43b8", "source": "polymarket"}
{"timestamp_utc": "2026-03-26T05:55:09Z", "market_key": "SOL5M_2026-03-26T06:00:00Z", "condition_id": "0x7412e29df9bb53ae28ecacca20fb5de584971622883e06673b64fc4fab5a9841", "trade_id": "0xd8dbb30c301e470617e24073a5e9052a665f36b9f49adefff1e2a026edd24d2c:14615055879790321666767683865701058080550991112373986926361429412130178652602:1774504509", "side": "buy", "price": 0.49634011831946256, "size": 9.973, "outcome": "down", "asset": "14615055879790321666767683865701058080550991112373986926361429412130178652602", "transaction_hash": "0xd8dbb30c301e470617e24073a5e9052a665f36b9f49adefff1e2a026edd24d2c", "source": "polymarket"}
{"timestamp_utc": "2026-03-26T05:55:09Z", "market_key": "SOL5M_2026-03-26T06:00:00Z", "condition_id": "0x7412e29df9bb53ae28ecacca20fb5de584971622883e06673b64fc4fab5a9841", "trade_id": "0xd65be75497f8a97f56a6454877b01bf09fafa8d5844c986e70681d168acaca76:14615055879790321666767683865701058080550991112373986926361429412130178652602:1774504509", "side": "buy", "price": 0.48999994534613894, "size": 5.306121, "outcome": "down", "asset": "14615055879790321666767683865701058080550991112373986926361429412130178652602", "transaction_hash": "0xd65be75497f8a97f56a6454877b01bf09fafa8d5844c986e70681d168acaca76", "source": "polymarket"}
{"timestamp_utc": "2026-03-26T05:55:09Z", "market_key": "SOL5M_2026-03-26T06:00:00Z", "condition_id": "0x7412e29df9bb53ae28ecacca20fb5de584971622883e06673b64fc4fab5a9841", "trade_id": "0x413baae06fccf91c3ac10dc4731367b805059e58c6b119ba534859418d541c4c:14615055879790321666767683865701058080550991112373986926361429412130178652602:1774504509", "side": "buy", "price": 0.4599999300380069, "size": 5.71739, "outcome": "down", "asset": "14615055879790321666767683865701058080550991112373986926361429412130178652602", "transaction_hash": "0x413baae06fccf91c3ac10dc4731367b805059e58c6b119ba534859418d541c4c", "source": "polymarket"}
{"timestamp_utc": "2026-03-26T05:55:09Z", "market_key": "SOL5M_2026-03-26T06:00:00Z", "condition_id": "0x7412e29df9bb53ae28ecacca20fb5de584971622883e06673b64fc4fab5a9841", "trade_id": "0x68e917089978e6ec1b0e847f861bb1c18bc353165a9e1d53cc46f3d4f87a850d:14615055879790321666767683865701058080550991112373986926361429412130178652602:1774504509", "side": "buy", "price": 0.48999999630653174, "size": 8.122447, "outcome": "down", "asset": "14615055879790321666767683865701058080550991112373986926361429412130178652602", "transaction_hash": "0x68e917089978e6ec1b0e847f861bb1c18bc353165a9e1d53cc46f3d4f87a850d", "source": "polymarket"}
{"timestamp_utc": "2026-03-26T05:55:09Z", "market_key": "SOL5M_2026-03-26T06:00:00Z", "condition_id": "0x7412e29df9bb53ae28ecacca20fb5de584971622883e06673b64fc4fab5a9841", "trade_id": "0x70aa21430158ab3e16e09a802376671738697910d576ccc656fecd1bc531a423:14615055879790321666767683865701058080550991112373986926361429412130178652602:1774504509", "side": "buy", "price": 0.43, "size": 15.0, "outcome": "down", "asset": "14615055879790321666767683865701058080550991112373986926361429412130178652602", "transaction_hash": "0x70aa21430158ab3e16e09a802376671738697910d576ccc656fecd1bc531a423", "source": "polymarket"}
{"timestamp_utc": "2026-03-26T05:55:09Z", "market_key": "SOL5M_2026-03-26T06:00:00Z", "condition_id": "0x7412e29df9bb53ae28ecacca20fb5de584971622883e06673b64fc4fab5a9841", "trade_id": "0xc700365be56f5438fdd82dacfb43aa50ff56c4a10ea30c27dd1ceb1bb3e6ae42:60892016707375028300802754861577897237196113688460675346810785965153355132433:1774504509", "side": "buy", "price": 0.5799998259997042, "size": 1.724135, "outcome": "up", "asset": "60892016707375028300802754861577897237196113688460675346810785965153355132433", "transaction_hash": "0xc700365be56f5438fdd82dacfb43aa50ff56c4a10ea30c27dd1ceb1bb3e6ae42", "source": "polymarket"}
{"timestamp_utc": "2026-03-26T05:55:09Z", "market_key": "SOL5M_2026-03-26T06:00:00Z", "condition_id": "0x7412e29df9bb53ae28ecacca20fb5de584971622883e06673b64fc4fab5a9841", "trade_id": "0x4463916bc4db0d383fe7eb70d151ea5b98d9cfd9778ec421e6dba93f2e3f88ed:14615055879790321666767683865701058080550991112373986926361429412130178652602:1774504509", "side": "buy", "price": 0.42, "size": 11.0, "outcome": "down", "asset": "14615055879790321666767683865701058080550991112373986926361429412130178652602", "transaction_hash": "0x4463916bc4db0d383fe7eb70d151ea5b98d9cfd9778ec421e6dba93f2e3f88ed", "source": "polymarket"}
{"timestamp_utc": "2026-03-26T05:55:09Z", "market_key": "SOL5M_2026-03-26T06:00:00Z", "condition_id": "0x7412e29df9bb53ae28ecacca20fb5de584971622883e06673b64fc4fab5a9841", "trade_id": "0xcaa870c4380a5446473902b62a60643cd58f0ffde46b8de80b9c19b18deb4f95:60892016707375028300802754861577897237196113688460675346810785965153355132433:1774504509", "side": "buy", "price": 0.553017416003127, "size": 7.160713, "outcome": "up", "asset": "60892016707375028300802754861577897237196113688460675346810785965153355132433", "transaction_hash": "0xcaa870c4380a5446473902b62a60643cd58f0ffde46b8de80b9c19b18deb4f95", "source": "polymarket"}
{"timestamp_utc": "2026-03-26T05:55:09Z", "market_key": "SOL5M_2026-03-26T06:00:00Z", "condition_id": "0x7412e29df9bb53ae28ecacca20fb5de584971622883e06673b64fc4fab5a9841", "trade_id": "0x6f0e285e333bce2dda865ce5c6ebd04b73e027d90ab90f48738ae109bd9e2746:14615055879790321666767683865701058080550991112373986926361429412130178652602:1774504509", "side": "sell", "price": 0.41, "size": 3.76, "outcome": "down", "asset": "14615055879790321666767683865701058080550991112373986926361429412130178652602", "transaction_hash": "0x6f0e285e333bce2dda865ce5c6ebd04b73e027d90ab90f48738ae109bd9e2746", "source": "polymarket"}
{"timestamp_utc": "2026-03-26T05:55:09Z", "market_key": "SOL5M_2026-03-26T06:00:00Z", "condition_id": "0x7412e29df9bb53ae28ecacca20fb5de584971622883e06673b64fc4fab5a9841", "trade_id": "0xa4849e77042221116dcb29210e63bef508b11a151f28435602004c220e1fdb74:60892016707375028300802754861577897237196113688460675346810785965153355132433:1774504509", "side": "buy", "price": 0.58, "size": 50.0, "outcome": "up", "asset": "60892016707375028300802754861577897237196113688460675346810785965153355132433", "transaction_hash": "0xa4849e77042221116dcb29210e63bef508b11a151f28435602004c220e1fdb74", "source": "polymarket"}
{"timestamp_utc": "2026-03-26T05:55:11Z", "market_key": "SOL5M_2026-03-26T06:00:00Z", "condition_id": "0x7412e29df9bb53ae28ecacca20fb5de584971622883e06673b64fc4fab5a9841", "trade_id": "0xf787300f8926fd8b3ab8f95904d9c88557d976c2ad459b03ae863a51248b035c:60892016707375028300802754861577897237196113688460675346810785965153355132433:1774504511", "side": "buy", "price": 0.57, "size": 5.0, "outcome": "up", "asset": "60892016707375028300802754861577897237196113688460675346810785965153355132433", "transaction_hash": "0xf787300f8926fd8b3ab8f95904d9c88557d976c2ad459b03ae863a51248b035c", "source": "polymarket"}
{"timestamp_utc": "2026-03-26T05:55:11Z", "market_key": "SOL5M_2026-03-26T06:00:00Z", "condition_id": "0x7412e29df9bb53ae28ecacca20fb5de584971622883e06673b64fc4fab5a9841", "trade_id": "0xcc23ad1c9fb67e1c48fa5a9607f657a5ba02b387cfa0891d1483dd33ef155d4a:14615055879790321666767683865701058080550991112373986926361429412130178652602:1774504511", "side": "buy", "price": 0.56, "size": 7.0, "outcome": "down", "asset": "14615055879790321666767683865701058080550991112373986926361429412130178652602", "transaction_hash": "0xcc23ad1c9fb67e1c48fa5a9607f657a5ba02b387cfa0891d1483dd33ef155d4a", "source": "polymarket"}
{"timestamp_utc": "2026-03-26T05:55:11Z", "market_key": "SOL5M_2026-03-26T06:00:00Z", "condition_id": "0x7412e29df9bb53ae28ecacca20fb5de584971622883e06673b64fc4fab5a9841", "trade_id": "0x819c3bba8ad9d2b31332d5d365dd6a4c7d3a113895f10e4cb992c462b8858d42:14615055879790321666767683865701058080550991112373986926361429412130178652602:1774504511", "side": "buy", "price": 0.644096367284488, "size": 8.803029, "outcome": "down", "asset": "14615055879790321666767683865701058080550991112373986926361429412130178652602", "transaction_hash": "0x819c3bba8ad9d2b31332d5d365dd6a4c7d3a113895f10e4cb992c462b8858d42", "source": "polymarket"}
{"timestamp_utc": "2026-03-26T05:55:11Z", "market_key": "SOL5M_2026-03-26T06:00:00Z", "condition_id": "0x7412e29df9bb53ae28ecacca20fb5de584971622883e06673b64fc4fab5a9841", "trade_id": "0xefd4c87520b487e69360829ed82dd13b001310bf00e078f3fac2a1df2351d0f1:14615055879790321666767683865701058080550991112373986926361429412130178652602:1774504511", "side": "buy", "price": 0.6299999697727211, "size": 6.285713, "outcome": "down", "asset": "14615055879790321666767683865701058080550991112373986926361429412130178652602", "transaction_hash": "0xefd4c87520b487e69360829ed82dd13b001310bf00e078f3fac2a1df2351d0f1", "source": "polymarket"}
{"timestamp_utc": "2026-03-26T05:55:11Z", "market_key": "SOL5M_2026-03-26T06:00:00Z", "condition_id": "0x7412e29df9bb53ae28ecacca20fb5de584971622883e06673b64fc4fab5a9841", "trade_id": "0x5589034458a2b50be5e32580e1b53443429ac63a1e95b9b9b82165060e99c437:60892016707375028300802754861577897237196113688460675346810785965153355132433:1774504511", "side": "sell", "price": 0.42, "size": 4.25, "outcome": "up", "asset": "60892016707375028300802754861577897237196113688460675346810785965153355132433", "transaction_hash": "0x5589034458a2b50be5e32580e1b53443429ac63a1e95b9b9b82165060e99c437", "source": "polymarket"}
{"timestamp_utc": "2026-03-26T05:55:11Z", "market_key": "SOL5M_2026-03-26T06:00:00Z", "condition_id": "0x7412e29df9bb53ae28ecacca20fb5de584971622883e06673b64fc4fab5a9841", "trade_id": "0x714ff868aa66690e357926c3a33bbe64b17b6493b75805adda0e30074a72e2eb:14615055879790321666767683865701058080550991112373986926361429412130178652602:1774504511", "side": "buy", "price": 0.553645795165124, "size": 130.480534, "outcome": "down", "asset": "14615055879790321666767683865701058080550991112373986926361429412130178652602", "transaction_hash": "0x714ff868aa66690e357926c3a33bbe64b17b6493b75805adda0e30074a72e2eb", "source": "polymarket"}
{"timestamp_utc": "2026-03-26T05:55:11Z", "market_key": "SOL5M_2026-03-26T06:00:00Z", "condition_id": "0x7412e29df9bb53ae28ecacca20fb5de584971622883e06673b64fc4fab5a9841", "trade_id": "0x620d6e9747b5d8a7456c0b96ae159ab0edf4af439e01462b9eadb5579f246467:14615055879790321666767683865701058080550991112373986926361429412130178652602:1774504511", "side": "buy", "price": 0.5498618437231458, "size": 7.23818, "outcome": "down", "asset": "14615055879790321666767683865701058080550991112373986926361429412130178652602", "transaction_hash": "0x620d6e9747b5d8a7456c0b96ae159ab0edf4af439e01462b9eadb5579f246467", "source": "polymarket"}
{"timestamp_utc": "2026-03-26T05:55:11Z", "market_key": "SOL5M_2026-03-26T06:00:00Z", "condition_id": "0x7412e29df9bb53ae28ecacca20fb5de584971622883e06673b64fc4fab5a9841", "trade_id": "0xc3fd1d63c62c1d484fd776457bb89b464bfc86e0ec2986ef0ee35b0b862b3fee:14615055879790321666767683865701058080550991112373986926361429412130178652602:1774504511", "side": "buy", "price": 0.5078978887332027, "size": 6.733635, "outcome": "down", "asset": "14615055879790321666767683865701058080550991112373986926361429412130178652602", "transaction_hash": "0xc3fd1d63c62c1d484fd776457bb89b464bfc86e0ec2986ef0ee35b0b862b3fee", "source": "polymarket"}
{"timestamp_utc": "2026-03-26T05:55:11Z", "market_key": "SOL5M_2026-03-26T06:00:00Z", "condition_id": "0x7412e29df9bb53ae28ecacca20fb5de584971622883e06673b64fc4fab5a9841", "trade_id": "0x8874743d3999742c8b7c9c671c95598d4a474a0643bb8d5a9acbe89a97021960:14615055879790321666767683865701058080550991112373986926361429412130178652602:1774504511", "side": "buy", "price": 0.4899999278056306, "size": 6.510203, "outcome": "down", "asset": "14615055879790321666767683865701058080550991112373986926361429412130178652602", "transaction_hash": "0x8874743d3999742c8b7c9c671c95598d4a474a0643bb8d5a9acbe89a97021960", "source": "polymarket"}
{"timestamp_utc": "2026-03-26T05:55:11Z", "market_key": "SOL5M_2026-03-26T06:00:00Z", "condition_id": "0x7412e29df9bb53ae28ecacca20fb5de584971622883e06673b64fc4fab5a9841", "trade_id": "0x24cd8e4a35b51629f0c5b5d8bed08842826ac8af8c142338cb4f3e5694b77cde:14615055879790321666767683865701058080550991112373986926361429412130178652602:1774504511", "side": "buy", "price": 0.48823223028577384, "size": 4.751835, "outcome": "down", "asset": "14615055879790321666767683865701058080550991112373986926361429412130178652602", "transaction_hash": "0x24cd8e4a35b51629f0c5b5d8bed08842826ac8af8c142338cb4f3e5694b77cde", "source": "polymarket"}
{"timestamp_utc": "2026-03-26T05:55:11Z", "market_key": "SOL5M_2026-03-26T06:00:00Z", "condition_id": "0x7412e29df9bb53ae28ecacca20fb5de584971622883e06673b64fc4fab5a9841", "trade_id": "0xe4412fbc9456de865d18907c02f3ca9066a0fe0326fb8cc8958b601d4aef76d4:14615055879790321666767683865701058080550991112373986926361429412130178652602:1774504511", "side": "buy", "price": 0.4899999149305408, "size": 5.87755, "outcome": "down", "asset": "14615055879790321666767683865701058080550991112373986926361429412130178652602", "transaction_hash": "0xe4412fbc9456de865d18907c02f3ca9066a0fe0326fb8cc8958b601d4aef76d4", "source": "polymarket"}
{"timestamp_utc": "2026-03-26T05:55:13Z", "market_key": "SOL5M_2026-03-26T06:00:00Z", "condition_id": "0x7412e29df9bb53ae28ecacca20fb5de584971622883e06673b64fc4fab5a9841", "trade_id": "0xc0d50cc1c2088f5db85a68e04ac9de7e8d2f810a27c9fbaf37bd877ec0e6a3cc:60892016707375028300802754861577897237196113688460675346810785965153355132433:1774504513", "side": "buy", "price": 0.3, "size": 11.66, "outcome": "up", "asset": "60892016707375028300802754861577897237196113688460675346810785965153355132433", "transaction_hash": "0xc0d50cc1c2088f5db85a68e04ac9de7e8d2f810a27c9fbaf37bd877ec0e6a3cc", "source": "polymarket"}
{"timestamp_utc": "2026-03-26T05:55:13Z", "market_key": "SOL5M_2026-03-26T06:00:00Z", "condition_id": "0x7412e29df9bb53ae28ecacca20fb5de584971622883e06673b64fc4fab5a9841", "trade_id": "0xa8e40aa9dd7f05f7030de7f2459055e42f6fb9a6e31570290716bd16d8930077:60892016707375028300802754861577897237196113688460675346810785965153355132433:1774504513", "side": "buy", "price": 0.2999999742857128, "size": 23.333332, "outcome": "up", "asset": "60892016707375028300802754861577897237196113688460675346810785965153355132433", "transaction_hash": "0xa8e40aa9dd7f05f7030de7f2459055e42f6fb9a6e31570290716bd16d8930077", "source": "polymarket"}
{"timestamp_utc": "2026-03-26T05:55:13Z", "market_key": "SOL5M_2026-03-26T06:00:00Z", "condition_id": "0x7412e29df9bb53ae28ecacca20fb5de584971622883e06673b64fc4fab5a9841", "trade_id": "0x1d513eb3dbf9992a858ccc6dbaa17d49d7210ffd00957b74d63f4aededd5e8a8:14615055879790321666767683865701058080550991112373986926361429412130178652602:1774504513", "side": "buy", "price": 0.72, "size": 5.5, "outcome": "down", "asset": "14615055879790321666767683865701058080550991112373986926361429412130178652602", "transaction_hash": "0x1d513eb3dbf9992a858ccc6dbaa17d49d7210ffd00957b74d63f4aededd5e8a8", "source": "polymarket"}
{"timestamp_utc": "2026-03-26T05:55:13Z", "market_key": "SOL5M_2026-03-26T06:00:00Z", "condition_id": "0x7412e29df9bb53ae28ecacca20fb5de584971622883e06673b64fc4fab5a9841", "trade_id": "0x35165dd9d2e483ec4c5e24e5e43bb4b431830cbf6530372082f20c49ffeb44a5:14615055879790321666767683865701058080550991112373986926361429412130178652602:1774504513", "side": "buy", "price": 0.71, "size": 61.0, "outcome": "down", "asset": "14615055879790321666767683865701058080550991112373986926361429412130178652602", "transaction_hash": "0x35165dd9d2e483ec4c5e24e5e43bb4b431830cbf6530372082f20c49ffeb44a5", "source": "polymarket"}
{"timestamp_utc": "2026-03-26T05:55:13Z", "market_key": "SOL5M_2026-03-26T06:00:00Z", "condition_id": "0x7412e29df9bb53ae28ecacca20fb5de584971622883e06673b64fc4fab5a9841", "trade_id": "0x72312fc2de7cd42bee3c3131605cf19a58db2bd5412c154658b278fb4d46fb41:14615055879790321666767683865701058080550991112373986926361429412130178652602:1774504513", "side": "buy", "price": 0.71, "size": 11.0, "outcome": "down", "asset": "14615055879790321666767683865701058080550991112373986926361429412130178652602", "transaction_hash": "0x72312fc2de7cd42bee3c3131605cf19a58db2bd5412c154658b278fb4d46fb41", "source": "polymarket"}
{"timestamp_utc": "2026-03-26T05:55:13Z", "market_key": "SOL5M_2026-03-26T06:00:00Z", "condition_id": "0x7412e29df9bb53ae28ecacca20fb5de584971622883e06673b64fc4fab5a9841", "trade_id": "0x24c3683de3cf87e4557659795f2e77a48a8163be2fae159507ccaedb27762fd4:14615055879790321666767683865701058080550991112373986926361429412130178652602:1774504513", "side": "buy", "price": 0.6842857142857143, "size": 49.0, "outcome": "down", "asset": "14615055879790321666767683865701058080550991112373986926361429412130178652602", "transaction_hash": "0x24c3683de3cf87e4557659795f2e77a48a8163be2fae159507ccaedb27762fd4", "source": "polymarket"}
{"timestamp_utc": "2026-03-26T05:55:13Z", "market_key": "SOL5M_2026-03-26T06:00:00Z", "condition_id": "0x7412e29df9bb53ae28ecacca20fb5de584971622883e06673b64fc4fab5a9841", "trade_id": "0x3eca88497919a33be3425cef7a9af510ec65ba6ca6c2fd544cc86b45e1d78e88:14615055879790321666767683865701058080550991112373986926361429412130178652602:1774504513", "side": "buy", "price": 0.66, "size": 3.19, "outcome": "down", "asset": "14615055879790321666767683865701058080550991112373986926361429412130178652602", "transaction_hash": "0x3eca88497919a33be3425cef7a9af510ec65ba6ca6c2fd544cc86b45e1d78e88", "source": "polymarket"}
{"timestamp_utc": "2026-03-26T05:55:15Z", "market_key": "SOL5M_2026-03-26T06:00:00Z", "condition_id": "0x7412e29df9bb53ae28ecacca20fb5de584971622883e06673b64fc4fab5a9841", "trade_id": "0xdf29a1f6701f2552aa35ea43e44b27b21600a5372f2bc9ab17d628ff16ebb03f:14615055879790321666767683865701058080550991112373986926361429412130178652602:1774504515", "side": "buy", "price": 0.7099999964141396, "size": 5.577462, "outcome": "down", "asset": "14615055879790321666767683865701058080550991112373986926361429412130178652602", "transaction_hash": "0xdf29a1f6701f2552aa35ea43e44b27b21600a5372f2bc9ab17d628ff16ebb03f", "source": "polymarket"}
{"timestamp_utc": "2026-03-26T05:55:15Z", "market_key": "SOL5M_2026-03-26T06:00:00Z", "condition_id": "0x7412e29df9bb53ae28ecacca20fb5de584971622883e06673b64fc4fab5a9841", "trade_id": "0x31ef8e703924d7ebe53c045a070b66077143a3a1a0bf7ff5f4958ca27d59d067:60892016707375028300802754861577897237196113688460675346810785965153355132433:1774504515", "side": "sell", "price": 0.29, "size": 1.44, "outcome": "up", "asset": "60892016707375028300802754861577897237196113688460675346810785965153355132433", "transaction_hash": "0x31ef8e703924d7ebe53c045a070b66077143a3a1a0bf7ff5f4958ca27d59d067", "source": "polymarket"}
{"timestamp_utc": "2026-03-26T05:55:15Z", "market_key": "SOL5M_2026-03-26T06:00:00Z", "condition_id": "0x7412e29df9bb53ae28ecacca20fb5de584971622883e06673b64fc4fab5a9841", "trade_id": "0x6c8af3d8bb377b76590bc977c67cbb68d8e87372e7c713ffe52d32de01d489ca:14615055879790321666767683865701058080550991112373986926361429412130178652602:1774504515", "side": "sell", "price": 0.69, "size": 1.44, "outcome": "down", "asset": "14615055879790321666767683865701058080550991112373986926361429412130178652602", "transaction_hash": "0x6c8af3d8bb377b76590bc977c67cbb68d8e87372e7c713ffe52d32de01d489ca", "source": "polymarket"}
{"timestamp_utc": "2026-03-26T05:55:15Z", "market_key": "SOL5M_2026-03-26T06:00:00Z", "condition_id": "0x7412e29df9bb53ae28ecacca20fb5de584971622883e06673b64fc4fab5a9841", "trade_id": "0x492f4ec9a48655a38485305a07cd52898f0f60752b8f9eaf6b2a9d74971260ca:60892016707375028300802754861577897237196113688460675346810785965153355132433:1774504515", "side": "sell", "price": 0.33, "size": 20.0, "outcome": "up", "asset": "60892016707375028300802754861577897237196113688460675346810785965153355132433", "transaction_hash": "0x492f4ec9a48655a38485305a07cd52898f0f60752b8f9eaf6b2a9d74971260ca", "source": "polymarket"}
{"timestamp_utc": "2026-03-26T05:55:15Z", "market_key": "SOL5M_2026-03-26T06:00:00Z", "condition_id": "0x7412e29df9bb53ae28ecacca20fb5de584971622883e06673b64fc4fab5a9841", "trade_id": "0x91fdc5d35c4fcd762fbfb19aa7e68ea0199384a060f7d4e8f0d81447040b6b11:60892016707375028300802754861577897237196113688460675346810785965153355132433:1774504515", "side": "buy", "price": 0.33999994711110465, "size": 10.588234, "outcome": "up", "asset": "60892016707375028300802754861577897237196113688460675346810785965153355132433", "transaction_hash": "0x91fdc5d35c4fcd762fbfb19aa7e68ea0199384a060f7d4e8f0d81447040b6b11", "source": "polymarket"}
{"timestamp_utc": "2026-03-26T05:55:15Z", "market_key": "SOL5M_2026-03-26T06:00:00Z", "condition_id": "0x7412e29df9bb53ae28ecacca20fb5de584971622883e06673b64fc4fab5a9841", "trade_id": "0x89d2b0a342ecd6cfa0b66332c3105397f34376ff6288604c81128bbb7d8610f5:60892016707375028300802754861577897237196113688460675346810785965153355132433:1774504515", "side": "buy", "price": 0.31, "size": 5.21, "outcome": "up", "asset": "60892016707375028300802754861577897237196113688460675346810785965153355132433", "transaction_hash": "0x89d2b0a342ecd6cfa0b66332c3105397f34376ff6288604c81128bbb7d8610f5", "source": "polymarket"}
{"timestamp_utc": "2026-03-26T05:55:15Z", "market_key": "SOL5M_2026-03-26T06:00:00Z", "condition_id": "0x7412e29df9bb53ae28ecacca20fb5de584971622883e06673b64fc4fab5a9841", "trade_id": "0x0fd0941548332a33d1ca35e20d5246ceac9cb1856a3b9605f0535f7563861b6a:14615055879790321666767683865701058080550991112373986926361429412130178652602:1774504515", "side": "buy", "price": 0.6938708058386935, "size": 4.32357, "outcome": "down", "asset": "14615055879790321666767683865701058080550991112373986926361429412130178652602", "transaction_hash": "0x0fd0941548332a33d1ca35e20d5246ceac9cb1856a3b9605f0535f7563861b6a", "source": "polymarket"}
{"timestamp_utc": "2026-03-26T05:55:15Z", "market_key": "SOL5M_2026-03-26T06:00:00Z", "condition_id": "0x7412e29df9bb53ae28ecacca20fb5de584971622883e06673b64fc4fab5a9841", "trade_id": "0xcdf52e49289441016b2fb19aa1e5e2b6aead8d6a065197b6078f51920f25e799:14615055879790321666767683865701058080550991112373986926361429412130178652602:1774504515", "side": "buy", "price": 0.6899999424999856, "size": 4.347825, "outcome": "down", "asset": "14615055879790321666767683865701058080550991112373986926361429412130178652602", "transaction_hash": "0xcdf52e49289441016b2fb19aa1e5e2b6aead8d6a065197b6078f51920f25e799", "source": "polymarket"}
{"timestamp_utc": "2026-03-26T05:55:15Z", "market_key": "SOL5M_2026-03-26T06:00:00Z", "condition_id": "0x7412e29df9bb53ae28ecacca20fb5de584971622883e06673b64fc4fab5a9841", "trade_id": "0xf60cca61a6da59f3a6e2af6d60058354d8fdaa9a4f7d947e0c09440a4a6688ab:60892016707375028300802754861577897237196113688460675346810785965153355132433:1774504515", "side": "buy", "price": 0.30999998263544476, "size": 35.129031, "outcome": "up", "asset": "60892016707375028300802754861577897237196113688460675346810785965153355132433", "transaction_hash": "0xf60cca61a6da59f3a6e2af6d60058354d8fdaa9a4f7d947e0c09440a4a6688ab", "source": "polymarket"}
{"timestamp_utc": "2026-03-26T05:55:15Z", "market_key": "SOL5M_2026-03-26T06:00:00Z", "condition_id": "0x7412e29df9bb53ae28ecacca20fb5de584971622883e06673b64fc4fab5a9841", "trade_id": "0x6ce2ea360de82eb9b690b332e07b63d7b67ce24b9f0fd034839560b230506479:60892016707375028300802754861577897237196113688460675346810785965153355132433:1774504515", "side": "buy", "price": 0.31533333333333335, "size": 15.0, "outcome": "up", "asset": "60892016707375028300802754861577897237196113688460675346810785965153355132433", "transaction_hash": "0x6ce2ea360de82eb9b690b332e07b63d7b67ce24b9f0fd034839560b230506479", "source": "polymarket"}
{"timestamp_utc": "2026-03-26T05:55:15Z", "market_key": "SOL5M_2026-03-26T06:00:00Z", "condition_id": "0x7412e29df9bb53ae28ecacca20fb5de584971622883e06673b64fc4fab5a9841", "trade_id": "0x38a91a0f79f28ff4b52ee5d3eabf8b0e266213aba7a6ca56a9c1d9d0334754f8:60892016707375028300802754861577897237196113688460675346810785965153355132433:1774504515", "side": "buy", "price": 0.32, "size": 14.53, "outcome": "up", "asset": "60892016707375028300802754861577897237196113688460675346810785965153355132433", "transaction_hash": "0x38a91a0f79f28ff4b52ee5d3eabf8b0e266213aba7a6ca56a9c1d9d0334754f8", "source": "polymarket"}
{"timestamp_utc": "2026-03-26T05:55:15Z", "market_key": "SOL5M_2026-03-26T06:00:00Z", "condition_id": "0x7412e29df9bb53ae28ecacca20fb5de584971622883e06673b64fc4fab5a9841", "trade_id": "0xfa113e7dfcbf0e138a096463cd27b22d6cd75660e50d27265c517ab047f22e18:60892016707375028300802754861577897237196113688460675346810785965153355132433:1774504515", "side": "buy", "price": 0.32, "size": 15.0, "outcome": "up", "asset": "60892016707375028300802754861577897237196113688460675346810785965153355132433", "transaction_hash": "0xfa113e7dfcbf0e138a096463cd27b22d6cd75660e50d27265c517ab047f22e18", "source": "polymarket"}
{"timestamp_utc": "2026-03-26T05:55:15Z", "market_key": "SOL5M_2026-03-26T06:00:00Z", "condition_id": "0x7412e29df9bb53ae28ecacca20fb5de584971622883e06673b64fc4fab5a9841", "trade_id": "0x08984bb1f96620b476037f2830125e2a9e09287ede38fc2121d96a1928fe4884:60892016707375028300802754861577897237196113688460675346810785965153355132433:1774504515", "side": "buy", "price": 0.32, "size": 15.0, "outcome": "up", "asset": "60892016707375028300802754861577897237196113688460675346810785965153355132433", "transaction_hash": "0x08984bb1f96620b476037f2830125e2a9e09287ede38fc2121d96a1928fe4884", "source": "polymarket"}
{"timestamp_utc": "2026-03-26T05:55:15Z", "market_key": "SOL5M_2026-03-26T06:00:00Z", "condition_id": "0x7412e29df9bb53ae28ecacca20fb5de584971622883e06673b64fc4fab5a9841", "trade_id": "0x0358d079353fdd7b956e2cb47e7fa2b2f6b3d6c92c2c289d6b98ccf073c755b7:14615055879790321666767683865701058080550991112373986926361429412130178652602:1774504515", "side": "sell", "price": 0.68, "size": 1.31, "outcome": "down", "asset": "14615055879790321666767683865701058080550991112373986926361429412130178652602", "transaction_hash": "0x0358d079353fdd7b956e2cb47e7fa2b2f6b3d6c92c2c289d6b98ccf073c755b7", "source": "polymarket"}
{"timestamp_utc": "2026-03-26T05:55:15Z", "market_key": "SOL5M_2026-03-26T06:00:00Z", "condition_id": "0x7412e29df9bb53ae28ecacca20fb5de584971622883e06673b64fc4fab5a9841", "trade_id": "0x4ddc87725020dd56441bbc3fa409b89e49d084858b19d0044a7fd4d55ae5471a:60892016707375028300802754861577897237196113688460675346810785965153355132433:1774504515", "side": "buy", "price": 0.3, "size": 15.0, "outcome": "up", "asset": "60892016707375028300802754861577897237196113688460675346810785965153355132433", "transaction_hash": "0x4ddc87725020dd56441bbc3fa409b89e49d084858b19d0044a7fd4d55ae5471a", "source": "polymarket"}
{"timestamp_utc": "2026-03-26T05:55:17Z", "market_key": "SOL5M_2026-03-26T06:00:00Z", "condition_id": "0x7412e29df9bb53ae28ecacca20fb5de584971622883e06673b64fc4fab5a9841", "trade_id": "0xebd05f2b39e9dd76ba737eb860e8e8d4370721bc1162ab8df626a68c9f633115:60892016707375028300802754861577897237196113688460675346810785965153355132433:1774504517", "side": "buy", "price": 0.28, "size": 7.0, "outcome": "up", "asset": "60892016707375028300802754861577897237196113688460675346810785965153355132433", "transaction_hash": "0xebd05f2b39e9dd76ba737eb860e8e8d4370721bc1162ab8df626a68c9f633115", "source": "polymarket"}
{"timestamp_utc": "2026-03-26T05:55:17Z", "market_key": "SOL5M_2026-03-26T06:00:00Z", "condition_id": "0x7412e29df9bb53ae28ecacca20fb5de584971622883e06673b64fc4fab5a9841", "trade_id": "0x6aa1061b912f8645940f336a5fc3b00c2315100b9c34e94510326c7d69990d92:14615055879790321666767683865701058080550991112373986926361429412130178652602:1774504517", "side": "buy", "price": 0.75, "size": 5.133332, "outcome": "down", "asset": "14615055879790321666767683865701058080550991112373986926361429412130178652602", "transaction_hash": "0x6aa1061b912f8645940f336a5fc3b00c2315100b9c34e94510326c7d69990d92", "source": "polymarket"}
{"timestamp_utc": "2026-03-26T05:55:17Z", "market_key": "SOL5M_2026-03-26T06:00:00Z", "condition_id": "0x7412e29df9bb53ae28ecacca20fb5de584971622883e06673b64fc4fab5a9841", "trade_id": "0x05950bedfda322cd21ccc445ffc00f3e8bc02b2c03af289ac9710665efa1dac3:14615055879790321666767683865701058080550991112373986926361429412130178652602:1774504517", "side": "buy", "price": 0.7399999915428565, "size": 28.378376, "outcome": "down", "asset": "14615055879790321666767683865701058080550991112373986926361429412130178652602", "transaction_hash": "0x05950bedfda322cd21ccc445ffc00f3e8bc02b2c03af289ac9710665efa1dac3", "source": "polymarket"}
{"timestamp_utc": "2026-03-26T05:55:17Z", "market_key": "SOL5M_2026-03-26T06:00:00Z", "condition_id": "0x7412e29df9bb53ae28ecacca20fb5de584971622883e06673b64fc4fab5a9841", "trade_id": "0x53bcfd9dfe0b215051c087f1cc94018cd128e1d4950453765f771959aa63db9c:60892016707375028300802754861577897237196113688460675346810785965153355132433:1774504517", "side": "sell", "price": 0.28, "size": 4.67, "outcome": "up", "asset": "60892016707375028300802754861577897237196113688460675346810785965153355132433", "transaction_hash": "0x53bcfd9dfe0b215051c087f1cc94018cd128e1d4950453765f771959aa63db9c", "source": "polymarket"}
{"timestamp_utc": "2026-03-26T05:55:17Z", "market_key": "SOL5M_2026-03-26T06:00:00Z", "condition_id": "0x7412e29df9bb53ae28ecacca20fb5de584971622883e06673b64fc4fab5a9841", "trade_id": "0xb1ecec37dda18909bd0fd1666ec99ac3bc4564d3dc5cfd5341eb162d9c6afb53:14615055879790321666767683865701058080550991112373986926361429412130178652602:1774504517", "side": "buy", "price": 0.7208894472361809, "size": 59.7, "outcome": "down", "asset": "14615055879790321666767683865701058080550991112373986926361429412130178652602", "transaction_hash": "0xb1ecec37dda18909bd0fd1666ec99ac3bc4564d3dc5cfd5341eb162d9c6afb53", "source": "polymarket"}
{"timestamp_utc": "2026-03-26T05:55:17Z", "market_key": "SOL5M_2026-03-26T06:00:00Z", "condition_id": "0x7412e29df9bb53ae28ecacca20fb5de584971622883e06673b64fc4fab5a9841", "trade_id": "0xd067ca192bb7c25665129e53c318503023ad00149e4a5339d032fe28a0c112c1:14615055879790321666767683865701058080550991112373986926361429412130178652602:1774504517", "side": "buy", "price": 0.72, "size": 10.0, "outcome": "down", "asset": "14615055879790321666767683865701058080550991112373986926361429412130178652602", "transaction_hash": "0xd067ca192bb7c25665129e53c318503023ad00149e4a5339d032fe28a0c112c1", "source": "polymarket"}
{"timestamp_utc": "2026-03-26T05:55:17Z", "market_key": "SOL5M_2026-03-26T06:00:00Z", "condition_id": "0x7412e29df9bb53ae28ecacca20fb5de584971622883e06673b64fc4fab5a9841", "trade_id": "0x8050985cd80fb747cfe3fdceff00ee80b1701a267964ea7aa04efa50918fa00a:14615055879790321666767683865701058080550991112373986926361429412130178652602:1774504517", "side": "buy", "price": 0.72, "size": 10.0, "outcome": "down", "asset": "14615055879790321666767683865701058080550991112373986926361429412130178652602", "transaction_hash": "0x8050985cd80fb747cfe3fdceff00ee80b1701a267964ea7aa04efa50918fa00a", "source": "polymarket"}
{"timestamp_utc": "2026-03-26T05:55:17Z", "market_key": "SOL5M_2026-03-26T06:00:00Z", "condition_id": "0x7412e29df9bb53ae28ecacca20fb5de584971622883e06673b64fc4fab5a9841", "trade_id": "0x95ae3f294736c33433fc9b73dfaf1a2b04173a60c90976451f6edc67c1fd7909:60892016707375028300802754861577897237196113688460675346810785965153355132433:1774504517", "side": "buy", "price": 0.29, "size": 5.0, "outcome": "up", "asset": "60892016707375028300802754861577897237196113688460675346810785965153355132433", "transaction_hash": "0x95ae3f294736c33433fc9b73dfaf1a2b04173a60c90976451f6edc67c1fd7909", "source": "polymarket"}
{"timestamp_utc": "2026-03-26T05:55:17Z", "market_key": "SOL5M_2026-03-26T06:00:00Z", "condition_id": "0x7412e29df9bb53ae28ecacca20fb5de584971622883e06673b64fc4fab5a9841", "trade_id": "0x28c96f2dae906997ede24c6a28e6f798038e5dd68903d93085cb383b5a26d40e:60892016707375028300802754861577897237196113688460675346810785965153355132433:1774504517", "side": "buy", "price": 0.2899998470908507, "size": 3.793102, "outcome": "up", "asset": "60892016707375028300802754861577897237196113688460675346810785965153355132433", "transaction_hash": "0x28c96f2dae906997ede24c6a28e6f798038e5dd68903d93085cb383b5a26d40e", "source": "polymarket"}
{"timestamp_utc": "2026-03-26T05:55:19Z", "market_key": "SOL5M_2026-03-26T06:00:00Z", "condition_id": "0x7412e29df9bb53ae28ecacca20fb5de584971622883e06673b64fc4fab5a9841", "trade_id": "0x2b3cdf1f49b53d411b7e0d7832a0c28a62e3a45a0f3b650a0c33c4b03ac82910:14615055879790321666767683865701058080550991112373986926361429412130178652602:1774504519", "side": "sell", "price": 0.71, "size": 0.95, "outcome": "down", "asset": "14615055879790321666767683865701058080550991112373986926361429412130178652602", "transaction_hash": "0x2b3cdf1f49b53d411b7e0d7832a0c28a62e3a45a0f3b650a0c33c4b03ac82910", "source": "polymarket"}
{"timestamp_utc": "2026-03-26T05:55:19Z", "market_key": "SOL5M_2026-03-26T06:00:00Z", "condition_id": "0x7412e29df9bb53ae28ecacca20fb5de584971622883e06673b64fc4fab5a9841", "trade_id": "0x2b1f1c770d2e2506adb7bbadf319a6efbcb1d40b24b8d4c2f1b2644f3d684e94:14615055879790321666767683865701058080550991112373986926361429412130178652602:1774504519", "side": "buy", "price": 0.68, "size": 13.0, "outcome": "down", "asset": "14615055879790321666767683865701058080550991112373986926361429412130178652602", "transaction_hash": "0x2b1f1c770d2e2506adb7bbadf319a6efbcb1d40b24b8d4c2f1b2644f3d684e94", "source": "polymarket"}
{"timestamp_utc": "2026-03-26T05:55:19Z", "market_key": "SOL5M_2026-03-26T06:00:00Z", "condition_id": "0x7412e29df9bb53ae28ecacca20fb5de584971622883e06673b64fc4fab5a9841", "trade_id": "0x0556fc8a26c203443196761cb566efb9dfe67bb90463b34883ddfa89ef042f6d:60892016707375028300802754861577897237196113688460675346810785965153355132433:1774504519", "side": "buy", "price": 0.34, "size": 5.0, "outcome": "up", "asset": "60892016707375028300802754861577897237196113688460675346810785965153355132433", "transaction_hash": "0x0556fc8a26c203443196761cb566efb9dfe67bb90463b34883ddfa89ef042f6d", "source": "polymarket"}
{"timestamp_utc": "2026-03-26T05:55:19Z", "market_key": "SOL5M_2026-03-26T06:00:00Z", "condition_id": "0x7412e29df9bb53ae28ecacca20fb5de584971622883e06673b64fc4fab5a9841", "trade_id": "0xbd3433d3fc9f691b877aee8bc34bcdd8f690f822ee7c82589fba436115009409:14615055879790321666767683865701058080550991112373986926361429412130178652602:1774504519", "side": "sell", "price": 0.65, "size": 2.62, "outcome": "down", "asset": "14615055879790321666767683865701058080550991112373986926361429412130178652602", "transaction_hash": "0xbd3433d3fc9f691b877aee8bc34bcdd8f690f822ee7c82589fba436115009409", "source": "polymarket"}
{"timestamp_utc": "2026-03-26T05:55:19Z", "market_key": "SOL5M_2026-03-26T06:00:00Z", "condition_id": "0x7412e29df9bb53ae28ecacca20fb5de584971622883e06673b64fc4fab5a9841", "trade_id": "0xf5f39d151b29fc494ad6371f42ecf499ada108a98069b5ca0ab417ebbe53b6fb:60892016707375028300802754861577897237196113688460675346810785965153355132433:1774504519", "side": "buy", "price": 0.34, "size": 10.42, "outcome": "up", "asset": "60892016707375028300802754861577897237196113688460675346810785965153355132433", "transaction_hash": "0xf5f39d151b29fc494ad6371f42ecf499ada108a98069b5ca0ab417ebbe53b6fb", "source": "polymarket"}
{"timestamp_utc": "2026-03-26T05:55:19Z", "market_key": "SOL5M_2026-03-26T06:00:00Z", "condition_id": "0x7412e29df9bb53ae28ecacca20fb5de584971622883e06673b64fc4fab5a9841", "trade_id": "0x6624b46665f25f316f5ac986e3e39785c284fe24c23ad54801adf988efa4431e:14615055879790321666767683865701058080550991112373986926361429412130178652602:1774504519", "side": "sell", "price": 0.66, "size": 0.99, "outcome": "down", "asset": "14615055879790321666767683865701058080550991112373986926361429412130178652602", "transaction_hash": "0x6624b46665f25f316f5ac986e3e39785c284fe24c23ad54801adf988efa4431e", "source": "polymarket"}
{"timestamp_utc": "2026-03-26T05:55:19Z", "market_key": "SOL5M_2026-03-26T06:00:00Z", "condition_id": "0x7412e29df9bb53ae28ecacca20fb5de584971622883e06673b64fc4fab5a9841", "trade_id": "0x5e59e4190d0fd91b867d1b215a010fb5f4f9530818f3036f36d28cbf68dee6e4:60892016707375028300802754861577897237196113688460675346810785965153355132433:1774504519", "side": "buy", "price": 0.3, "size": 5.0, "outcome": "up", "asset": "60892016707375028300802754861577897237196113688460675346810785965153355132433", "transaction_hash": "0x5e59e4190d0fd91b867d1b215a010fb5f4f9530818f3036f36d28cbf68dee6e4", "source": "polymarket"}
{"timestamp_utc": "2026-03-26T05:55:21Z", "market_key": "SOL5M_2026-03-26T06:00:00Z", "condition_id": "0x7412e29df9bb53ae28ecacca20fb5de584971622883e06673b64fc4fab5a9841", "trade_id": "0xb9d2177392145b7347bb8b69812ed7510b43425ddcb345773e6862c112adccbb:60892016707375028300802754861577897237196113688460675346810785965153355132433:1774504521", "side": "buy", "price": 0.35, "size": 8.46, "outcome": "up", "asset": "60892016707375028300802754861577897237196113688460675346810785965153355132433", "transaction_hash": "0xb9d2177392145b7347bb8b69812ed7510b43425ddcb345773e6862c112adccbb", "source": "polymarket"}
{"timestamp_utc": "2026-03-26T05:55:21Z", "market_key": "SOL5M_2026-03-26T06:00:00Z", "condition_id": "0x7412e29df9bb53ae28ecacca20fb5de584971622883e06673b64fc4fab5a9841", "trade_id": "0xd80fbe74c6dcf2809ee555adb118eaeee4d9dec920bbe02c0a0a576aa96b498f:14615055879790321666767683865701058080550991112373986926361429412130178652602:1774504521", "side": "buy", "price": 0.68, "size": 12.0, "outcome": "down", "asset": "14615055879790321666767683865701058080550991112373986926361429412130178652602", "transaction_hash": "0xd80fbe74c6dcf2809ee555adb118eaeee4d9dec920bbe02c0a0a576aa96b498f", "source": "polymarket"}
{"timestamp_utc": "2026-03-26T05:55:21Z", "market_key": "SOL5M_2026-03-26T06:00:00Z", "condition_id": "0x7412e29df9bb53ae28ecacca20fb5de584971622883e06673b64fc4fab5a9841", "trade_id": "0x61960de8b5536c4fc0e11c959a47f9f5840d865d97551ce5c0e733127292b342:14615055879790321666767683865701058080550991112373986926361429412130178652602:1774504521", "side": "sell", "price": 0.6507070707070707, "size": 0.99, "outcome": "down", "asset": "14615055879790321666767683865701058080550991112373986926361429412130178652602", "transaction_hash": "0x61960de8b5536c4fc0e11c959a47f9f5840d865d97551ce5c0e733127292b342", "source": "polymarket"}
{"timestamp_utc": "2026-03-26T05:55:21Z", "market_key": "SOL5M_2026-03-26T06:00:00Z", "condition_id": "0x7412e29df9bb53ae28ecacca20fb5de584971622883e06673b64fc4fab5a9841", "trade_id": "0x9556bb45aee3e7d42a08de8a2abd5e2a89ff93c014c295f7c25d852105bc62e9:60892016707375028300802754861577897237196113688460675346810785965153355132433:1774504521", "side": "sell", "price": 0.34, "size": 2.0, "outcome": "up", "asset": "60892016707375028300802754861577897237196113688460675346810785965153355132433", "transaction_hash": "0x9556bb45aee3e7d42a08de8a2abd5e2a89ff93c014c295f7c25d852105bc62e9", "source": "polymarket"}
{"timestamp_utc": "2026-03-26T05:55:21Z", "market_key": "SOL5M_2026-03-26T06:00:00Z", "condition_id": "0x7412e29df9bb53ae28ecacca20fb5de584971622883e06673b64fc4fab5a9841", "trade_id": "0xf2690d18b2d1b863f85da127a953dc46c7dce27412769e1f922847be889dfcc0:60892016707375028300802754861577897237196113688460675346810785965153355132433:1774504521", "side": "buy", "price": 0.4, "size": 12.0, "outcome": "up", "asset": "60892016707375028300802754861577897237196113688460675346810785965153355132433", "transaction_hash": "0xf2690d18b2d1b863f85da127a953dc46c7dce27412769e1f922847be889dfcc0", "source": "polymarket"}
{"timestamp_utc": "2026-03-26T05:55:21Z", "market_key": "SOL5M_2026-03-26T06:00:00Z", "condition_id": "0x7412e29df9bb53ae28ecacca20fb5de584971622883e06673b64fc4fab5a9841", "trade_id": "0x35cf8b576f8c4f99c704b2103403a84ad496cea7cd35e26bf4fb28bccdc76dc2:60892016707375028300802754861577897237196113688460675346810785965153355132433:1774504521", "side": "buy", "price": 0.39, "size": 12.0, "outcome": "up", "asset": "60892016707375028300802754861577897237196113688460675346810785965153355132433", "transaction_hash": "0x35cf8b576f8c4f99c704b2103403a84ad496cea7cd35e26bf4fb28bccdc76dc2", "source": "polymarket"}
{"timestamp_utc": "2026-03-26T05:55:23Z", "market_key": "SOL5M_2026-03-26T06:00:00Z", "condition_id": "0x7412e29df9bb53ae28ecacca20fb5de584971622883e06673b64fc4fab5a9841", "trade_id": "0x0ea500f6862825fada45e5e38b5b171314f6622787c291eddc2eb4224a553a59:14615055879790321666767683865701058080550991112373986926361429412130178652602:1774504523", "side": "buy", "price": 0.68, "size": 2.0, "outcome": "down", "asset": "14615055879790321666767683865701058080550991112373986926361429412130178652602", "transaction_hash": "0x0ea500f6862825fada45e5e38b5b171314f6622787c291eddc2eb4224a553a59", "source": "polymarket"}
{"timestamp_utc": "2026-03-26T05:55:23Z", "market_key": "SOL5M_2026-03-26T06:00:00Z", "condition_id": "0x7412e29df9bb53ae28ecacca20fb5de584971622883e06673b64fc4fab5a9841", "trade_id": "0x3822bb15c5108e07300bb5248832b4fd5e11cbb1addf6143ddc8315c3cd1a472:14615055879790321666767683865701058080550991112373986926361429412130178652602:1774504523", "side": "buy", "price": 0.6, "size": 1.666665, "outcome": "down", "asset": "14615055879790321666767683865701058080550991112373986926361429412130178652602", "transaction_hash": "0x3822bb15c5108e07300bb5248832b4fd5e11cbb1addf6143ddc8315c3cd1a472", "source": "polymarket"}
{"timestamp_utc": "2026-03-26T05:55:23Z", "market_key": "SOL5M_2026-03-26T06:00:00Z", "condition_id": "0x7412e29df9bb53ae28ecacca20fb5de584971622883e06673b64fc4fab5a9841", "trade_id": "0xc4dc71003760213668b8000e9fb15a16d62e970f00bfe5c7eb501d6b987bd549:60892016707375028300802754861577897237196113688460675346810785965153355132433:1774504523", "side": "buy", "price": 0.37, "size": 12.0, "outcome": "up", "asset": "60892016707375028300802754861577897237196113688460675346810785965153355132433", "transaction_hash": "0xc4dc71003760213668b8000e9fb15a16d62e970f00bfe5c7eb501d6b987bd549", "source": "polymarket"}
{"timestamp_utc": "2026-03-26T05:55:23Z", "market_key": "SOL5M_2026-03-26T06:00:00Z", "condition_id": "0x7412e29df9bb53ae28ecacca20fb5de584971622883e06673b64fc4fab5a9841", "trade_id": "0x9b99852dfccb358abc18de99d5b40ef74866c7527cd94b1e2043156091f28a58:14615055879790321666767683865701058080550991112373986926361429412130178652602:1774504523", "side": "buy", "price": 0.68, "size": 2.0, "outcome": "down", "asset": "14615055879790321666767683865701058080550991112373986926361429412130178652602", "transaction_hash": "0x9b99852dfccb358abc18de99d5b40ef74866c7527cd94b1e2043156091f28a58", "source": "polymarket"}
{"timestamp_utc": "2026-03-26T05:55:23Z", "market_key": "SOL5M_2026-03-26T06:00:00Z", "condition_id": "0x7412e29df9bb53ae28ecacca20fb5de584971622883e06673b64fc4fab5a9841", "trade_id": "0x2fd1de8049c4aa31d84e5601db03e096d9a3386a6300c8b6cef5903eb61860d6:60892016707375028300802754861577897237196113688460675346810785965153355132433:1774504523", "side": "buy", "price": 0.36, "size": 12.0, "outcome": "up", "asset": "60892016707375028300802754861577897237196113688460675346810785965153355132433", "transaction_hash": "0x2fd1de8049c4aa31d84e5601db03e096d9a3386a6300c8b6cef5903eb61860d6", "source": "polymarket"}
{"timestamp_utc": "2026-03-26T05:55:23Z", "market_key": "SOL5M_2026-03-26T06:00:00Z", "condition_id": "0x7412e29df9bb53ae28ecacca20fb5de584971622883e06673b64fc4fab5a9841", "trade_id": "0x7acb4962941a7db588759ae78eaf3a3b212075633e19d98deb81e10510ac3374:14615055879790321666767683865701058080550991112373986926361429412130178652602:1774504523", "side": "buy", "price": 0.6, "size": 14.0, "outcome": "down", "asset": "14615055879790321666767683865701058080550991112373986926361429412130178652602", "transaction_hash": "0x7acb4962941a7db588759ae78eaf3a3b212075633e19d98deb81e10510ac3374", "source": "polymarket"}
{"timestamp_utc": "2026-03-26T05:55:23Z", "market_key": "SOL5M_2026-03-26T06:00:00Z", "condition_id": "0x7412e29df9bb53ae28ecacca20fb5de584971622883e06673b64fc4fab5a9841", "trade_id": "0x695406ad2cdc5a5d3264896c242e266220aa1640266339105fb6c42dc21241c7:14615055879790321666767683865701058080550991112373986926361429412130178652602:1774504523", "side": "buy", "price": 0.599999939999976, "size": 3.333332, "outcome": "down", "asset": "14615055879790321666767683865701058080550991112373986926361429412130178652602", "transaction_hash": "0x695406ad2cdc5a5d3264896c242e266220aa1640266339105fb6c42dc21241c7", "source": "polymarket"}
{"timestamp_utc": "2026-03-26T05:55:25Z", "market_key": "SOL5M_2026-03-26T06:00:00Z", "condition_id": "0x7412e29df9bb53ae28ecacca20fb5de584971622883e06673b64fc4fab5a9841", "trade_id": "0xd350863d240017d152b93c99364fd4837c08a4fc80c549186a93876ad3bee723:60892016707375028300802754861577897237196113688460675346810785965153355132433:1774504525", "side": "sell", "price": 0.4, "size": 64.0, "outcome": "up", "asset": "60892016707375028300802754861577897237196113688460675346810785965153355132433", "transaction_hash": "0xd350863d240017d152b93c99364fd4837c08a4fc80c549186a93876ad3bee723", "source": "polymarket"}
{"timestamp_utc": "2026-03-26T05:55:25Z", "market_key": "SOL5M_2026-03-26T06:00:00Z", "condition_id": "0x7412e29df9bb53ae28ecacca20fb5de584971622883e06673b64fc4fab5a9841", "trade_id": "0xb045556651fd7d3672078b0be9186bb5546b164a3adc514be91e9a169bd6fceb:60892016707375028300802754861577897237196113688460675346810785965153355132433:1774504525", "side": "buy", "price": 0.33, "size": 18.0, "outcome": "up", "asset": "60892016707375028300802754861577897237196113688460675346810785965153355132433", "transaction_hash": "0xb045556651fd7d3672078b0be9186bb5546b164a3adc514be91e9a169bd6fceb", "source": "polymarket"}
{"timestamp_utc": "2026-03-26T05:55:25Z", "market_key": "SOL5M_2026-03-26T06:00:00Z", "condition_id": "0x7412e29df9bb53ae28ecacca20fb5de584971622883e06673b64fc4fab5a9841", "trade_id": "0xe4e89ae23f17365a6c6c416cb54f81e85831a89b9c6a716daf97f3bf11672e0b:60892016707375028300802754861577897237196113688460675346810785965153355132433:1774504525", "side": "sell", "price": 0.4, "size": 1.0, "outcome": "up", "asset": "60892016707375028300802754861577897237196113688460675346810785965153355132433", "transaction_hash": "0xe4e89ae23f17365a6c6c416cb54f81e85831a89b9c6a716daf97f3bf11672e0b", "source": "polymarket"}
{"timestamp_utc": "2026-03-26T05:55:25Z", "market_key": "SOL5M_2026-03-26T06:00:00Z", "condition_id": "0x7412e29df9bb53ae28ecacca20fb5de584971622883e06673b64fc4fab5a9841", "trade_id": "0xc5d25f4ddd047f2d9eed88206c85c8e58972bf01bafc5d790465dd2b0dbd80bb:60892016707375028300802754861577897237196113688460675346810785965153355132433:1774504525", "side": "buy", "price": 0.38, "size": 17.0, "outcome": "up", "asset": "60892016707375028300802754861577897237196113688460675346810785965153355132433", "transaction_hash": "0xc5d25f4ddd047f2d9eed88206c85c8e58972bf01bafc5d790465dd2b0dbd80bb", "source": "polymarket"}
{"timestamp_utc": "2026-03-26T05:55:25Z", "market_key": "SOL5M_2026-03-26T06:00:00Z", "condition_id": "0x7412e29df9bb53ae28ecacca20fb5de584971622883e06673b64fc4fab5a9841", "trade_id": "0x919607dcfd601e57b77ff3460a8f997f2ae8776123e2f21fa3dff50e7d3aff4f:60892016707375028300802754861577897237196113688460675346810785965153355132433:1774504525", "side": "buy", "price": 0.41, "size": 5.76, "outcome": "up", "asset": "60892016707375028300802754861577897237196113688460675346810785965153355132433", "transaction_hash": "0x919607dcfd601e57b77ff3460a8f997f2ae8776123e2f21fa3dff50e7d3aff4f", "source": "polymarket"}
{"timestamp_utc": "2026-03-26T05:55:25Z", "market_key": "SOL5M_2026-03-26T06:00:00Z", "condition_id": "0x7412e29df9bb53ae28ecacca20fb5de584971622883e06673b64fc4fab5a9841", "trade_id": "0x2b47e25517a28e6b2da2d44de2fd953f0b73f197c8515d4772569fafddab9130:60892016707375028300802754861577897237196113688460675346810785965153355132433:1774504525", "side": "buy", "price": 0.4, "size": 6.54, "outcome": "up", "asset": "60892016707375028300802754861577897237196113688460675346810785965153355132433", "transaction_hash": "0x2b47e25517a28e6b2da2d44de2fd953f0b73f197c8515d4772569fafddab9130", "source": "polymarket"}
{"timestamp_utc": "2026-03-26T05:55:27Z", "market_key": "SOL5M_2026-03-26T06:00:00Z", "condition_id": "0x7412e29df9bb53ae28ecacca20fb5de584971622883e06673b64fc4fab5a9841", "trade_id": "0xa95bcc917a293bfd93f351d28192eedb91f81fd0cd6c73be9d0157ea7c991f27:60892016707375028300802754861577897237196113688460675346810785965153355132433:1774504527", "side": "buy", "price": 0.4, "size": 8.52, "outcome": "up", "asset": "60892016707375028300802754861577897237196113688460675346810785965153355132433", "transaction_hash": "0xa95bcc917a293bfd93f351d28192eedb91f81fd0cd6c73be9d0157ea7c991f27", "source": "polymarket"}
{"timestamp_utc": "2026-03-26T05:55:27Z", "market_key": "SOL5M_2026-03-26T06:00:00Z", "condition_id": "0x7412e29df9bb53ae28ecacca20fb5de584971622883e06673b64fc4fab5a9841", "trade_id": "0x533fae4cf9c386bf02ca0e8ad72900b8f42383681d624b62d3376d608793800f:60892016707375028300802754861577897237196113688460675346810785965153355132433:1774504527", "side": "buy", "price": 0.3315878023133544, "size": 9.51, "outcome": "up", "asset": "60892016707375028300802754861577897237196113688460675346810785965153355132433", "transaction_hash": "0x533fae4cf9c386bf02ca0e8ad72900b8f42383681d624b62d3376d608793800f", "source": "polymarket"}
{"timestamp_utc": "2026-03-26T05:55:27Z", "market_key": "SOL5M_2026-03-26T06:00:00Z", "condition_id": "0x7412e29df9bb53ae28ecacca20fb5de584971622883e06673b64fc4fab5a9841", "trade_id": "0xa20c74bb4eecc26ef19dd7af33761aef41a3d7f8260eb92a0608ce8f6c080c88:14615055879790321666767683865701058080550991112373986926361429412130178652602:1774504527", "side": "buy", "price": 0.6, "size": 5.166665, "outcome": "down", "asset": "14615055879790321666767683865701058080550991112373986926361429412130178652602", "transaction_hash": "0xa20c74bb4eecc26ef19dd7af33761aef41a3d7f8260eb92a0608ce8f6c080c88", "source": "polymarket"}
{"timestamp_utc": "2026-03-26T05:55:29Z", "market_key": "SOL5M_2026-03-26T06:00:00Z", "condition_id": "0x7412e29df9bb53ae28ecacca20fb5de584971622883e06673b64fc4fab5a9841", "trade_id": "0x9d08966d5f5f8332252c554a9d018026ecc11a340b134cc40d0989e7c8938dee:60892016707375028300802754861577897237196113688460675346810785965153355132433:1774504529", "side": "buy", "price": 0.3399999546666633, "size": 14.117646, "outcome": "up", "asset": "60892016707375028300802754861577897237196113688460675346810785965153355132433", "transaction_hash": "0x9d08966d5f5f8332252c554a9d018026ecc11a340b134cc40d0989e7c8938dee", "source": "polymarket"}
{"timestamp_utc": "2026-03-26T05:55:29Z", "market_key": "SOL5M_2026-03-26T06:00:00Z", "condition_id": "0x7412e29df9bb53ae28ecacca20fb5de584971622883e06673b64fc4fab5a9841", "trade_id": "0x151e4b9728e96dbd7dc6a4358a3eb26ed12433b8020019c7df4b6ed4568794e5:60892016707375028300802754861577897237196113688460675346810785965153355132433:1774504529", "side": "buy", "price": 0.389999890799976, "size": 5.128204, "outcome": "up", "asset": "60892016707375028300802754861577897237196113688460675346810785965153355132433", "transaction_hash": "0x151e4b9728e96dbd7dc6a4358a3eb26ed12433b8020019c7df4b6ed4568794e5", "source": "polymarket"}
{"timestamp_utc": "2026-03-26T05:55:29Z", "market_key": "SOL5M_2026-03-26T06:00:00Z", "condition_id": "0x7412e29df9bb53ae28ecacca20fb5de584971622883e06673b64fc4fab5a9841", "trade_id": "0xbcb560c77aab64101b1fc841f6c6a20cbf0732686c0680047714a065d942fdcf:14615055879790321666767683865701058080550991112373986926361429412130178652602:1774504529", "side": "buy", "price": 0.62, "size": 2.38, "outcome": "down", "asset": "14615055879790321666767683865701058080550991112373986926361429412130178652602", "transaction_hash": "0xbcb560c77aab64101b1fc841f6c6a20cbf0732686c0680047714a065d942fdcf", "source": "polymarket"}
{"timestamp_utc": "2026-03-26T05:55:31Z", "market_key": "SOL5M_2026-03-26T06:00:00Z", "condition_id": "0x7412e29df9bb53ae28ecacca20fb5de584971622883e06673b64fc4fab5a9841", "trade_id": "0xf2da21b6880e36570e26e3b2c0f5cc7e0cdf0ec4b002a21f0df70e7c988fe087:60892016707375028300802754861577897237196113688460675346810785965153355132433:1774504531", "side": "buy", "price": 0.31, "size": 7.23, "outcome": "up", "asset": "60892016707375028300802754861577897237196113688460675346810785965153355132433", "transaction_hash": "0xf2da21b6880e36570e26e3b2c0f5cc7e0cdf0ec4b002a21f0df70e7c988fe087", "source": "polymarket"}
{"timestamp_utc": "2026-03-26T05:55:31Z", "market_key": "SOL5M_2026-03-26T06:00:00Z", "condition_id": "0x7412e29df9bb53ae28ecacca20fb5de584971622883e06673b64fc4fab5a9841", "trade_id": "0x6df5420c27b29adaececcd896c34992ea56aeb29e287066aa76b6138d1d0f020:14615055879790321666767683865701058080550991112373986926361429412130178652602:1774504531", "side": "buy", "price": 0.69, "size": 7.0, "outcome": "down", "asset": "14615055879790321666767683865701058080550991112373986926361429412130178652602", "transaction_hash": "0x6df5420c27b29adaececcd896c34992ea56aeb29e287066aa76b6138d1d0f020", "source": "polymarket"}
{"timestamp_utc": "2026-03-26T05:55:31Z", "market_key": "SOL5M_2026-03-26T06:00:00Z", "condition_id": "0x7412e29df9bb53ae28ecacca20fb5de584971622883e06673b64fc4fab5a9841", "trade_id": "0x1b607c669b668cef59c09b5686e650458f0d89eea71b6c7ba55cd009df039549:60892016707375028300802754861577897237196113688460675346810785965153355132433:1774504531", "side": "sell", "price": 0.3, "size": 1.93, "outcome": "up", "asset": "60892016707375028300802754861577897237196113688460675346810785965153355132433", "transaction_hash": "0x1b607c669b668cef59c09b5686e650458f0d89eea71b6c7ba55cd009df039549", "source": "polymarket"}
{"timestamp_utc": "2026-03-26T05:55:33Z", "market_key": "SOL5M_2026-03-26T06:00:00Z", "condition_id": "0x7412e29df9bb53ae28ecacca20fb5de584971622883e06673b64fc4fab5a9841", "trade_id": "0xa106db9e186c45b77b677be59d10886d4f19c843a5419d6155ffc28031ac46d1:60892016707375028300802754861577897237196113688460675346810785965153355132433:1774504533", "side": "sell", "price": 0.28, "size": 0.99, "outcome": "up", "asset": "60892016707375028300802754861577897237196113688460675346810785965153355132433", "transaction_hash": "0xa106db9e186c45b77b677be59d10886d4f19c843a5419d6155ffc28031ac46d1", "source": "polymarket"}
{"timestamp_utc": "2026-03-26T05:55:33Z", "market_key": "SOL5M_2026-03-26T06:00:00Z", "condition_id": "0x7412e29df9bb53ae28ecacca20fb5de584971622883e06673b64fc4fab5a9841", "trade_id": "0xa8d01f68c58cd963b40dbdcd7e6a880cf88bac1b5298e25ca8ca2548c15c011b:14615055879790321666767683865701058080550991112373986926361429412130178652602:1774504533", "side": "buy", "price": 0.69, "size": 0.92, "outcome": "down", "asset": "14615055879790321666767683865701058080550991112373986926361429412130178652602", "transaction_hash": "0xa8d01f68c58cd963b40dbdcd7e6a880cf88bac1b5298e25ca8ca2548c15c011b", "source": "polymarket"}
{"timestamp_utc": "2026-03-26T05:55:35Z", "market_key": "SOL5M_2026-03-26T06:00:00Z", "condition_id": "0x7412e29df9bb53ae28ecacca20fb5de584971622883e06673b64fc4fab5a9841", "trade_id": "0x624e2ba5f1cdae71b49258fba52803db96760ce197104614658bd3e22d165390:14615055879790321666767683865701058080550991112373986926361429412130178652602:1774504535", "side": "buy", "price": 0.7, "size": 7.0, "outcome": "down", "asset": "14615055879790321666767683865701058080550991112373986926361429412130178652602", "transaction_hash": "0x624e2ba5f1cdae71b49258fba52803db96760ce197104614658bd3e22d165390", "source": "polymarket"}
