timestamp_utc,market_key,up_price,down_price,seconds_to_close,synthetic_depth,synthetic_volatility
2026-03-26T02:37:00Z,SOL5M_20260326T024000Z,0.501663,0.505451,180,302.756157,0.00154351
2026-03-26T02:37:01Z,SOL5M_20260326T024000Z,0.493261,0.517389,179,143.575666,0.00439459
2026-03-26T02:37:02Z,SOL5M_20260326T024000Z,0.496751,0.515465,178,217.986133,0.00409343
2026-03-26T02:37:03Z,SOL5M_20260326T024000Z,0.498092,0.513141,177,223.776727,0.00491286
2026-03-26T02:37:04Z,SOL5M_20260326T024000Z,0.511547,0.505227,176,68.008276,0.00950978
2026-03-26T02:37:05Z,SOL5M_20260326T024000Z,0.506351,0.501261,175,449.35431,0.00181956
2026-03-26T02:37:06Z,SOL5M_20260326T024000Z,0.501453,0.519166,174,109.532173,0.01035556
2026-03-26T02:37:07Z,SOL5M_20260326T024000Z,0.502545,0.50754,173,167.934906,0.00393272
2026-03-26T02:37:08Z,SOL5M_20260326T024000Z,0.504303,0.502767,172,322.738003,0.00172701
2026-03-26T02:37:09Z,SOL5M_20260326T024000Z,0.506839,0.500084,171,398.116628,0.00162241
2026-03-26T02:37:10Z,SOL5M_20260326T024000Z,0.513445,0.508032,170,93.075286,0.01042
2026-03-26T02:37:11Z,SOL5M_20260326T024000Z,0.514321,0.496292,169,172.128905,0.00425086
2026-03-26T02:37:12Z,SOL5M_20260326T024000Z,0.517177,0.501988,168,98.393688,0.00944403
2026-03-26T02:37:13Z,SOL5M_20260326T024000Z,0.520873,0.491533,167,171.528993,0.00458285
2026-03-26T02:37:14Z,SOL5M_20260326T024000Z,0.515525,0.49652,166,259.704513,0.00412108
2026-03-26T02:37:15Z,SOL5M_20260326T024000Z,0.518468,0.488135,165,333.653593,0.00195772
2026-03-26T02:37:16Z,SOL5M_20260326T024000Z,0.537831,0.485055,164,115.438232,0.01008734
2026-03-26T02:37:17Z,SOL5M_20260326T024000Z,0.534958,0.471799,163,379.601978,0.00167409
2026-03-26T02:37:18Z,SOL5M_20260326T024000Z,0.535033,0.475832,162,245.102353,0.00511265
2026-03-26T02:37:19Z,SOL5M_20260326T024000Z,0.527192,0.49368,161,97.503273,0.00939533
2026-03-26T02:37:20Z,SOL5M_20260326T024000Z,0.53104,0.477057,160,408.511561,0.00182126
2026-03-26T02:37:21Z,SOL5M_20260326T024000Z,0.528229,0.490231,159,107.909939,0.01113617
2026-03-26T02:37:22Z,SOL5M_20260326T024000Z,0.554586,0.465302,158,67.625286,0.01134085
2026-03-26T02:37:23Z,SOL5M_20260326T024000Z,0.556943,0.453929,157,205.976431,0.00446663
2026-03-26T02:37:24Z,SOL5M_20260326T024000Z,0.559643,0.453461,156,204.715531,0.00411093
2026-03-26T02:37:25Z,SOL5M_20260326T024000Z,0.555527,0.45126,155,353.690927,0.00176657
2026-03-26T02:37:26Z,SOL5M_20260326T024000Z,0.560732,0.449925,154,167.613768,0.00461922
2026-03-26T02:37:27Z,SOL5M_20260326T024000Z,0.571425,0.446479,153,66.826297,0.01107891
2026-03-26T02:37:28Z,SOL5M_20260326T024000Z,0.565025,0.447316,152,252.261709,0.00400362
2026-03-26T02:37:29Z,SOL5M_20260326T024000Z,0.563424,0.448209,151,191.726142,0.00395586
2026-03-26T02:37:30Z,SOL5M_20260326T024000Z,0.563888,0.442827,150,451.674694,0.00189362
2026-03-26T02:37:31Z,SOL5M_20260326T024000Z,0.562687,0.448938,149,193.833626,0.00408178
2026-03-26T02:37:32Z,SOL5M_20260326T024000Z,0.567422,0.446313,148,193.175689,0.00507141
2026-03-26T02:37:33Z,SOL5M_20260326T024000Z,0.556637,0.466152,147,113.023817,0.01140699
2026-03-26T02:37:34Z,SOL5M_20260326T024000Z,0.551501,0.45838,146,188.124835,0.00411356
2026-03-26T02:37:35Z,SOL5M_20260326T024000Z,0.559729,0.449734,145,333.831572,0.0017757
2026-03-26T02:37:36Z,SOL5M_20260326T024000Z,0.559285,0.448064,144,277.507333,0.00191794
2026-03-26T02:37:37Z,SOL5M_20260326T024000Z,0.560561,0.447448,143,367.677295,0.00156087
2026-03-26T02:37:38Z,SOL5M_20260326T024000Z,0.550473,0.460019,142,149.613376,0.00512205
2026-03-26T02:37:39Z,SOL5M_20260326T024000Z,0.549077,0.463376,141,169.545842,0.00502689
2026-03-26T02:37:40Z,SOL5M_20260326T024000Z,0.547707,0.466379,140,202.733926,0.00461296
2026-03-26T02:37:41Z,SOL5M_20260326T024000Z,0.55923,0.451888,139,175.99965,0.00473178
2026-03-26T02:37:42Z,SOL5M_20260326T024000Z,0.557869,0.456513,138,259.814533,0.00444369
2026-03-26T02:37:43Z,SOL5M_20260326T024000Z,0.559222,0.459734,137,110.480593,0.01114259
2026-03-26T02:37:44Z,SOL5M_20260326T024000Z,0.567845,0.456053,136,96.030599,0.01061062
2026-03-26T02:37:45Z,SOL5M_20260326T024000Z,0.559679,0.450566,135,252.6716,0.00472057
2026-03-26T02:37:46Z,SOL5M_20260326T024000Z,0.562801,0.449702,134,172.681785,0.00457185
2026-03-26T02:37:47Z,SOL5M_20260326T024000Z,0.555005,0.458656,133,248.640379,0.00448452
2026-03-26T02:37:48Z,SOL5M_20260326T024000Z,0.558726,0.454575,132,140.425483,0.00419852
2026-03-26T02:37:49Z,SOL5M_20260326T024000Z,0.557242,0.449399,131,247.030637,0.00176095
2026-03-26T02:37:50Z,SOL5M_20260326T024000Z,0.556067,0.464593,130,108.068131,0.01013677
2026-03-26T02:37:51Z,SOL5M_20260326T024000Z,0.558785,0.464407,129,109.477939,0.01088837
2026-03-26T02:37:52Z,SOL5M_20260326T024000Z,0.555488,0.458356,128,233.613949,0.00396377
2026-03-26T02:37:53Z,SOL5M_20260326T024000Z,0.572965,0.449521,127,115.715126,0.01109382
2026-03-26T02:37:54Z,SOL5M_20260326T024000Z,0.573265,0.440803,126,179.862256,0.00481936
2026-03-26T02:37:55Z,SOL5M_20260326T024000Z,0.564403,0.449384,125,152.971475,0.00488796
2026-03-26T02:37:56Z,SOL5M_20260326T024000Z,0.558589,0.452476,124,195.236388,0.00492739
2026-03-26T02:37:57Z,SOL5M_20260326T024000Z,0.557062,0.457179,123,243.722353,0.00426815
2026-03-26T02:37:58Z,SOL5M_20260326T024000Z,0.562506,0.44561,122,451.041434,0.00174583
2026-03-26T02:37:59Z,SOL5M_20260326T024000Z,0.558574,0.451546,121,171.855964,0.00512442
2026-03-26T02:38:00Z,SOL5M_20260326T024000Z,0.556028,0.452008,120,372.303859,0.00169939
2026-03-26T02:38:01Z,SOL5M_20260326T024000Z,0.559856,0.448267,119,439.370785,0.00153091
2026-03-26T02:38:02Z,SOL5M_20260326T024000Z,0.556977,0.449647,118,321.486509,0.00189214
2026-03-26T02:38:03Z,SOL5M_20260326T024000Z,0.54848,0.469995,117,79.217402,0.01065926
2026-03-26T02:38:04Z,SOL5M_20260326T024000Z,0.55864,0.452978,116,155.274536,0.00422413
2026-03-26T02:38:05Z,SOL5M_20260326T024000Z,0.553679,0.452722,115,360.066815,0.00169251
2026-03-26T02:38:06Z,SOL5M_20260326T024000Z,0.55139,0.460441,114,218.564675,0.00460798
2026-03-26T02:38:07Z,SOL5M_20260326T024000Z,0.554458,0.462221,113,72.163335,0.01088807
2026-03-26T02:38:08Z,SOL5M_20260326T024000Z,0.551951,0.456853,112,416.868928,0.001711
2026-03-26T02:38:09Z,SOL5M_20260326T024000Z,0.547199,0.46648,111,197.016361,0.00415554
2026-03-26T02:38:10Z,SOL5M_20260326T024000Z,0.548946,0.463996,110,163.332228,0.00467518
2026-03-26T02:38:11Z,SOL5M_20260326T024000Z,0.547223,0.462888,109,232.405543,0.0048388
2026-03-26T02:38:12Z,SOL5M_20260326T024000Z,0.547492,0.462349,108,202.15493,0.00511825
2026-03-26T02:38:13Z,SOL5M_20260326T024000Z,0.574406,0.446358,107,116.346192,0.01050273
2026-03-26T02:38:14Z,SOL5M_20260326T024000Z,0.579798,0.44024,106,101.840794,0.01033796
2026-03-26T02:38:15Z,SOL5M_20260326T024000Z,0.573184,0.434008,105,299.430225,0.00178632
2026-03-26T02:38:16Z,SOL5M_20260326T024000Z,0.572729,0.434549,104,376.617172,0.0018115
2026-03-26T02:38:17Z,SOL5M_20260326T024000Z,0.57697,0.43374,103,156.604887,0.00455421
2026-03-26T02:38:18Z,SOL5M_20260326T024000Z,0.574232,0.433904,102,330.595868,0.00156468
2026-03-26T02:38:19Z,SOL5M_20260326T024000Z,0.582236,0.440618,101,100.558241,0.01025224
2026-03-26T02:38:20Z,SOL5M_20260326T024000Z,0.58322,0.429996,100,182.211056,0.00383296
2026-03-26T02:38:21Z,SOL5M_20260326T024000Z,0.579007,0.428099,99,371.683044,0.00182491
2026-03-26T02:38:22Z,SOL5M_20260326T024000Z,0.578142,0.434718,98,180.335545,0.00386418
2026-03-26T02:38:23Z,SOL5M_20260326T024000Z,0.5805,0.430991,97,143.235974,0.00466505
2026-03-26T02:38:24Z,SOL5M_20260326T024000Z,0.58209,0.429726,96,156.283938,0.00469271
2026-03-26T02:38:25Z,SOL5M_20260326T024000Z,0.588756,0.424453,95,185.495146,0.00485266
2026-03-26T02:38:26Z,SOL5M_20260326T024000Z,0.590706,0.421483,94,142.325994,0.00393557
2026-03-26T02:38:27Z,SOL5M_20260326T024000Z,0.587593,0.421845,93,403.388973,0.00188195
2026-03-26T02:38:28Z,SOL5M_20260326T024000Z,0.588588,0.424226,92,155.146517,0.00403072
2026-03-26T02:38:29Z,SOL5M_20260326T024000Z,0.58418,0.424614,91,372.521974,0.00162061
2026-03-26T02:38:30Z,SOL5M_20260326T024000Z,0.584885,0.431321,90,68.837332,0.01139416
2026-03-26T02:38:31Z,SOL5M_20260326T024000Z,0.587697,0.425218,89,149.119577,0.00479027
2026-03-26T02:38:32Z,SOL5M_20260326T024000Z,0.599082,0.4134,88,242.035189,0.00486785
2026-03-26T02:38:33Z,SOL5M_20260326T024000Z,0.604176,0.407852,87,184.468505,0.00440331
2026-03-26T02:38:34Z,SOL5M_20260326T024000Z,0.595156,0.42853,86,68.699099,0.01096699
2026-03-26T02:38:35Z,SOL5M_20260326T024000Z,0.587314,0.423583,85,255.856848,0.00481562
2026-03-26T02:38:36Z,SOL5M_20260326T024000Z,0.586598,0.422141,84,336.470644,0.00179109
2026-03-26T02:38:37Z,SOL5M_20260326T024000Z,0.595275,0.416556,83,169.263613,0.0050152
2026-03-26T02:38:38Z,SOL5M_20260326T024000Z,0.594919,0.415554,82,242.11434,0.00386374
2026-03-26T02:38:39Z,SOL5M_20260326T024000Z,0.619263,0.396819,81,77.918503,0.01060355
2026-03-26T02:38:40Z,SOL5M_20260326T024000Z,0.611858,0.401381,80,198.629342,0.0047971
2026-03-26T02:38:41Z,SOL5M_20260326T024000Z,0.608706,0.399908,79,291.535244,0.00158025
2026-03-26T02:38:42Z,SOL5M_20260326T024000Z,0.610827,0.396934,78,356.493606,0.00178556
2026-03-26T02:38:43Z,SOL5M_20260326T024000Z,0.603377,0.407147,77,154.478706,0.00416439
2026-03-26T02:38:44Z,SOL5M_20260326T024000Z,0.605197,0.401895,76,283.881467,0.00194158
2026-03-26T02:38:45Z,SOL5M_20260326T024000Z,0.601936,0.405085,75,266.110483,0.00168282
2026-03-26T02:38:46Z,SOL5M_20260326T024000Z,0.609466,0.401451,74,204.096211,0.0038441
2026-03-26T02:38:47Z,SOL5M_20260326T024000Z,0.607689,0.4061,73,198.905443,0.00499742
2026-03-26T02:38:48Z,SOL5M_20260326T024000Z,0.613819,0.396027,72,162.12364,0.00441963
2026-03-26T02:38:49Z,SOL5M_20260326T024000Z,0.60778,0.402077,71,215.533485,0.00392501
2026-03-26T02:38:50Z,SOL5M_20260326T024000Z,0.611609,0.39517,70,453.722806,0.00169407
2026-03-26T02:38:51Z,SOL5M_20260326T024000Z,0.60695,0.404775,69,194.061736,0.00453047
2026-03-26T02:38:52Z,SOL5M_20260326T024000Z,0.598645,0.422232,68,96.535475,0.00941614
2026-03-26T02:38:53Z,SOL5M_20260326T024000Z,0.588324,0.42211,67,158.846851,0.00471658
2026-03-26T02:38:54Z,SOL5M_20260326T024000Z,0.593575,0.417423,66,211.257343,0.00443318
2026-03-26T02:38:55Z,SOL5M_20260326T024000Z,0.600599,0.412783,65,250.869325,0.00475297
2026-03-26T02:38:56Z,SOL5M_20260326T024000Z,0.598589,0.409554,64,334.279183,0.00203418
2026-03-26T02:38:57Z,SOL5M_20260326T024000Z,0.59034,0.422855,63,176.913418,0.004049
2026-03-26T02:38:58Z,SOL5M_20260326T024000Z,0.59408,0.418879,62,222.641359,0.00399288
2026-03-26T02:38:59Z,SOL5M_20260326T024000Z,0.590668,0.420479,61,191.84344,0.00387881
2026-03-26T02:39:00Z,SOL5M_20260326T024000Z,0.613167,0.399194,60,240.315034,0.00512358
2026-03-26T02:39:01Z,SOL5M_20260326T024000Z,0.608295,0.403563,59,230.75226,0.00387931
2026-03-26T02:39:02Z,SOL5M_20260326T024000Z,0.60101,0.420069,58,94.6078,0.00904447
2026-03-26T02:39:03Z,SOL5M_20260326T024000Z,0.604697,0.406486,57,242.927971,0.00472968
2026-03-26T02:39:04Z,SOL5M_20260326T024000Z,0.597556,0.414685,56,237.627924,0.00510101
2026-03-26T02:39:05Z,SOL5M_20260326T024000Z,0.603874,0.420031,55,90.788198,0.00971253
2026-03-26T02:39:06Z,SOL5M_20260326T024000Z,0.602771,0.404787,54,284.392334,0.00175315
2026-03-26T02:39:07Z,SOL5M_20260326T024000Z,0.596614,0.415089,53,251.320731,0.00456645
2026-03-26T02:39:08Z,SOL5M_20260326T024000Z,0.598981,0.411768,52,213.0646,0.00513875
2026-03-26T02:39:09Z,SOL5M_20260326T024000Z,0.601074,0.41074,51,249.551585,0.00516455
2026-03-26T02:39:10Z,SOL5M_20260326T024000Z,0.607732,0.412339,50,101.69658,0.00999513
2026-03-26T02:39:11Z,SOL5M_20260326T024000Z,0.609959,0.404066,49,186.030322,0.00456921
2026-03-26T02:39:12Z,SOL5M_20260326T024000Z,0.587726,0.434594,48,77.91736,0.01109208
2026-03-26T02:39:13Z,SOL5M_20260326T024000Z,0.605604,0.415091,47,79.122016,0.00934852
2026-03-26T02:39:14Z,SOL5M_20260326T024000Z,0.593611,0.417646,46,204.629669,0.0040256
2026-03-26T02:39:15Z,SOL5M_20260326T024000Z,0.590116,0.422228,45,223.699811,0.00407968
2026-03-26T02:39:16Z,SOL5M_20260326T024000Z,0.593831,0.414826,44,401.388082,0.00155357
2026-03-26T02:39:17Z,SOL5M_20260326T024000Z,0.582439,0.433857,43,89.747747,0.01144245
2026-03-26T02:39:18Z,SOL5M_20260326T024000Z,0.581392,0.426417,42,428.579979,0.00199964
2026-03-26T02:39:19Z,SOL5M_20260326T024000Z,0.583097,0.428756,41,158.523346,0.00470895
2026-03-26T02:39:20Z,SOL5M_20260326T024000Z,0.583948,0.429741,40,217.980398,0.00476015
2026-03-26T02:39:21Z,SOL5M_20260326T024000Z,0.573176,0.440611,39,231.128217,0.00479527
2026-03-26T02:39:22Z,SOL5M_20260326T024000Z,0.573489,0.440899,38,250.511492,0.00467707
2026-03-26T02:39:23Z,SOL5M_20260326T024000Z,0.577525,0.431096,37,338.172496,0.00200119
2026-03-26T02:39:24Z,SOL5M_20260326T024000Z,0.579386,0.432013,36,175.204133,0.00489979
2026-03-26T02:39:25Z,SOL5M_20260326T024000Z,0.5812,0.427986,35,261.583354,0.00162179
2026-03-26T02:39:26Z,SOL5M_20260326T024000Z,0.576506,0.435307,34,157.174126,0.00505732
2026-03-26T02:39:27Z,SOL5M_20260326T024000Z,0.5883,0.428964,33,99.590988,0.01120363
2026-03-26T02:39:28Z,SOL5M_20260326T024000Z,0.586631,0.425005,32,216.672644,0.00461822
2026-03-26T02:39:29Z,SOL5M_20260326T024000Z,0.598231,0.414115,31,168.464684,0.00447733
2026-03-26T02:39:30Z,SOL5M_20260326T024000Z,0.598391,0.422875,30,115.809002,0.00938569
2026-03-26T02:39:31Z,SOL5M_20260326T024000Z,0.599897,0.408093,29,372.345364,0.00155648
2026-03-26T02:39:32Z,SOL5M_20260326T024000Z,0.594618,0.416673,28,212.8478,0.00490346
2026-03-26T02:39:33Z,SOL5M_20260326T024000Z,0.593554,0.414856,27,421.050795,0.00188596
2026-03-26T02:39:34Z,SOL5M_20260326T024000Z,0.590083,0.418171,26,337.57287,0.00169682
2026-03-26T02:39:35Z,SOL5M_20260326T024000Z,0.593063,0.415063,25,272.753558,0.00162485
2026-03-26T02:39:36Z,SOL5M_20260326T024000Z,0.593034,0.414189,24,419.39925,0.00202328
2026-03-26T02:39:37Z,SOL5M_20260326T024000Z,0.587535,0.421946,23,269.185639,0.00171291
2026-03-26T02:39:38Z,SOL5M_20260326T024000Z,0.607274,0.416566,22,102.107702,0.01108042
2026-03-26T02:39:39Z,SOL5M_20260326T024000Z,0.609744,0.398111,21,357.680185,0.00153752
2026-03-26T02:39:40Z,SOL5M_20260326T024000Z,0.606907,0.402502,20,417.707633,0.00184566
2026-03-26T02:39:41Z,SOL5M_20260326T024000Z,0.60939,0.408381,19,112.423819,0.01018422
2026-03-26T02:39:42Z,SOL5M_20260326T024000Z,0.629388,0.389879,18,79.318269,0.01122816
2026-03-26T02:39:43Z,SOL5M_20260326T024000Z,0.638946,0.371305,17,246.471117,0.00395621
2026-03-26T02:39:44Z,SOL5M_20260326T024000Z,0.638769,0.368972,16,443.654558,0.0019313
2026-03-26T02:39:45Z,SOL5M_20260326T024000Z,0.632199,0.381968,15,188.973906,0.00448562
2026-03-26T02:39:46Z,SOL5M_20260326T024000Z,0.64248,0.371226,14,254.06662,0.00442357
2026-03-26T02:39:47Z,SOL5M_20260326T024000Z,0.646176,0.371342,13,84.499541,0.00957602
2026-03-26T02:39:48Z,SOL5M_20260326T024000Z,0.65295,0.368184,12,98.789512,0.00986415
2026-03-26T02:39:49Z,SOL5M_20260326T024000Z,0.650189,0.35974,11,207.749357,0.003995
2026-03-26T02:39:50Z,SOL5M_20260326T024000Z,0.650037,0.36114,10,244.363451,0.00411653
2026-03-26T02:39:51Z,SOL5M_20260326T024000Z,0.665188,0.352818,9,70.019575,0.00893406
2026-03-26T02:39:52Z,SOL5M_20260326T024000Z,0.667259,0.341669,8,248.120669,0.00154392
2026-03-26T02:39:53Z,SOL5M_20260326T024000Z,0.673246,0.339933,7,203.130263,0.00482632
2026-03-26T02:39:54Z,SOL5M_20260326T024000Z,0.675475,0.332538,6,267.901342,0.00180715
2026-03-26T02:39:55Z,SOL5M_20260326T024000Z,0.666012,0.357701,5,87.734296,0.01006435
2026-03-26T02:39:56Z,SOL5M_20260326T024000Z,0.671052,0.340901,4,222.3317,0.00436718
2026-03-26T02:39:57Z,SOL5M_20260326T024000Z,0.674336,0.33409,3,302.75336,0.00156547
2026-03-26T02:39:58Z,SOL5M_20260326T024000Z,0.673786,0.337991,2,203.66682,0.00516775
2026-03-26T02:39:59Z,SOL5M_20260326T024000Z,0.665128,0.356638,1,104.523987,0.01045275
2026-03-26T02:40:00Z,SOL5M_20260326T024500Z,0.667093,0.344684,300,180.671794,0.00413347
2026-03-26T02:40:01Z,SOL5M_20260326T024500Z,0.665358,0.343995,299,277.054174,0.00173212
2026-03-26T02:40:02Z,SOL5M_20260326T024500Z,0.673557,0.348354,298,68.214479,0.00877969
2026-03-26T02:40:03Z,SOL5M_20260326T024500Z,0.671108,0.336423,297,270.66857,0.00170801
2026-03-26T02:40:04Z,SOL5M_20260326T024500Z,0.669269,0.34023,296,396.422743,0.00199877
2026-03-26T02:40:05Z,SOL5M_20260326T024500Z,0.668518,0.341601,295,166.909384,0.00471159
2026-03-26T02:40:06Z,SOL5M_20260326T024500Z,0.676453,0.337022,294,208.892001,0.00485452
2026-03-26T02:40:07Z,SOL5M_20260326T024500Z,0.671447,0.337926,293,250.513305,0.00187706
2026-03-26T02:40:08Z,SOL5M_20260326T024500Z,0.67188,0.339203,292,224.323853,0.00406856
2026-03-26T02:40:09Z,SOL5M_20260326T024500Z,0.666674,0.341752,291,274.793677,0.00174642
2026-03-26T02:40:10Z,SOL5M_20260326T024500Z,0.668891,0.3386,290,333.164824,0.00164617
2026-03-26T02:40:11Z,SOL5M_20260326T024500Z,0.669887,0.337017,289,256.047854,0.00157588
2026-03-26T02:40:12Z,SOL5M_20260326T024500Z,0.669445,0.338509,288,384.007125,0.00167694
2026-03-26T02:40:13Z,SOL5M_20260326T024500Z,0.669232,0.343625,287,173.989576,0.00440538
2026-03-26T02:40:14Z,SOL5M_20260326T024500Z,0.66906,0.339258,286,328.005313,0.00155453
2026-03-26T02:40:15Z,SOL5M_20260326T024500Z,0.672419,0.337218,285,179.374683,0.00416995
2026-03-26T02:40:16Z,SOL5M_20260326T024500Z,0.671339,0.340663,284,224.440552,0.00433828
2026-03-26T02:40:17Z,SOL5M_20260326T024500Z,0.66687,0.356499,283,64.012043,0.00862691
2026-03-26T02:40:18Z,SOL5M_20260326T024500Z,0.660608,0.347129,282,393.994782,0.00183964
2026-03-26T02:40:19Z,SOL5M_20260326T024500Z,0.656506,0.366852,281,107.929399,0.01035438
2026-03-26T02:40:20Z,SOL5M_20260326T024500Z,0.65445,0.365742,280,94.79905,0.00922995
2026-03-26T02:40:21Z,SOL5M_20260326T024500Z,0.658805,0.351343,279,201.257994,0.00405198
2026-03-26T02:40:22Z,SOL5M_20260326T024500Z,0.656207,0.366344,278,102.278472,0.00954813
2026-03-26T02:40:23Z,SOL5M_20260326T024500Z,0.655654,0.357092,277,231.225835,0.00463824
2026-03-26T02:40:24Z,SOL5M_20260326T024500Z,0.654905,0.353926,276,403.433623,0.00179682
2026-03-26T02:40:25Z,SOL5M_20260326T024500Z,0.653907,0.3545,275,426.491844,0.00186724
2026-03-26T02:40:26Z,SOL5M_20260326T024500Z,0.659421,0.351497,274,176.338452,0.00442198
2026-03-26T02:40:27Z,SOL5M_20260326T024500Z,0.664827,0.345142,273,239.803596,0.0039018
2026-03-26T02:40:28Z,SOL5M_20260326T024500Z,0.650335,0.369367,272,90.381662,0.01034503
2026-03-26T02:40:29Z,SOL5M_20260326T024500Z,0.642038,0.369105,271,218.220495,0.00491825
2026-03-26T02:40:30Z,SOL5M_20260326T024500Z,0.638834,0.375082,270,152.420225,0.00390853
2026-03-26T02:40:31Z,SOL5M_20260326T024500Z,0.644451,0.367258,269,192.530993,0.00415945
2026-03-26T02:40:32Z,SOL5M_20260326T024500Z,0.643423,0.368139,268,173.947229,0.00432835
2026-03-26T02:40:33Z,SOL5M_20260326T024500Z,0.641756,0.366815,267,264.846249,0.00156559
2026-03-26T02:40:34Z,SOL5M_20260326T024500Z,0.639545,0.369649,266,435.331966,0.00188454
2026-03-26T02:40:35Z,SOL5M_20260326T024500Z,0.648346,0.363136,265,223.817596,0.00513139
2026-03-26T02:40:36Z,SOL5M_20260326T024500Z,0.657946,0.364388,264,83.340683,0.00942875
2026-03-26T02:40:37Z,SOL5M_20260326T024500Z,0.650006,0.358462,263,355.542601,0.00190012
2026-03-26T02:40:38Z,SOL5M_20260326T024500Z,0.653213,0.357415,262,161.631551,0.00431451
2026-03-26T02:40:39Z,SOL5M_20260326T024500Z,0.655508,0.354578,261,241.331407,0.00392917
2026-03-26T02:40:40Z,SOL5M_20260326T024500Z,0.652755,0.365939,260,65.038365,0.01115105
2026-03-26T02:40:41Z,SOL5M_20260326T024500Z,0.648676,0.364807,259,232.531738,0.00494732
2026-03-26T02:40:42Z,SOL5M_20260326T024500Z,0.650093,0.360647,258,221.163551,0.00437966
2026-03-26T02:40:43Z,SOL5M_20260326T024500Z,0.649314,0.364167,257,177.136148,0.00454592
2026-03-26T02:40:44Z,SOL5M_20260326T024500Z,0.640124,0.383751,256,114.145029,0.00960352
2026-03-26T02:40:45Z,SOL5M_20260326T024500Z,0.640242,0.368722,255,416.54716,0.00205178
2026-03-26T02:40:46Z,SOL5M_20260326T024500Z,0.652524,0.359737,254,244.894033,0.00469059
2026-03-26T02:40:47Z,SOL5M_20260326T024500Z,0.652017,0.361928,253,172.734956,0.00485521
2026-03-26T02:40:48Z,SOL5M_20260326T024500Z,0.651097,0.360668,252,166.644561,0.00510266
2026-03-26T02:40:49Z,SOL5M_20260326T024500Z,0.652523,0.355077,251,453.850324,0.00165732
2026-03-26T02:40:50Z,SOL5M_20260326T024500Z,0.665702,0.356629,250,98.097877,0.01101753
2026-03-26T02:40:51Z,SOL5M_20260326T024500Z,0.659213,0.348623,249,393.162597,0.00160495
2026-03-26T02:40:52Z,SOL5M_20260326T024500Z,0.657898,0.354337,248,240.195572,0.0041705
2026-03-26T02:40:53Z,SOL5M_20260326T024500Z,0.658214,0.353401,247,145.729934,0.00423155
2026-03-26T02:40:54Z,SOL5M_20260326T024500Z,0.658552,0.353912,246,248.617626,0.00397466
2026-03-26T02:40:55Z,SOL5M_20260326T024500Z,0.660645,0.35011,245,213.77715,0.00440447
2026-03-26T02:40:56Z,SOL5M_20260326T024500Z,0.661547,0.34507,244,449.677443,0.00157623
2026-03-26T02:40:57Z,SOL5M_20260326T024500Z,0.66176,0.346674,243,343.728366,0.00174085
2026-03-26T02:40:58Z,SOL5M_20260326T024500Z,0.660513,0.350742,242,234.622402,0.00384693
2026-03-26T02:40:59Z,SOL5M_20260326T024500Z,0.657788,0.350359,241,254.310495,0.00170956
2026-03-26T02:41:00Z,SOL5M_20260326T024500Z,0.646289,0.366649,240,195.754748,0.00487684
2026-03-26T02:41:01Z,SOL5M_20260326T024500Z,0.646356,0.360184,239,306.62294,0.00177715
2026-03-26T02:41:02Z,SOL5M_20260326T024500Z,0.646344,0.368004,238,201.846031,0.00508505
2026-03-26T02:41:03Z,SOL5M_20260326T024500Z,0.641501,0.372255,237,233.700988,0.00430692
2026-03-26T02:41:04Z,SOL5M_20260326T024500Z,0.650571,0.362597,236,246.738382,0.00432183
2026-03-26T02:41:05Z,SOL5M_20260326T024500Z,0.646107,0.365985,235,250.917256,0.00449666
2026-03-26T02:41:06Z,SOL5M_20260326T024500Z,0.639823,0.369209,234,371.515193,0.00157262
2026-03-26T02:41:07Z,SOL5M_20260326T024500Z,0.642913,0.364851,233,371.550542,0.00169551
2026-03-26T02:41:08Z,SOL5M_20260326T024500Z,0.648655,0.362638,232,244.404461,0.00388218
2026-03-26T02:41:09Z,SOL5M_20260326T024500Z,0.648755,0.370152,231,97.425677,0.00872512
2026-03-26T02:41:10Z,SOL5M_20260326T024500Z,0.642659,0.365686,230,274.983688,0.00204451
2026-03-26T02:41:11Z,SOL5M_20260326T024500Z,0.645191,0.363025,229,325.399424,0.00172782
2026-03-26T02:41:12Z,SOL5M_20260326T024500Z,0.641772,0.36707,228,323.122809,0.00204236
2026-03-26T02:41:13Z,SOL5M_20260326T024500Z,0.641452,0.367303,227,268.824209,0.00166479
2026-03-26T02:41:14Z,SOL5M_20260326T024500Z,0.625411,0.385438,226,171.413201,0.00458326
2026-03-26T02:41:15Z,SOL5M_20260326T024500Z,0.637304,0.385518,225,69.622421,0.0099736
2026-03-26T02:41:16Z,SOL5M_20260326T024500Z,0.640726,0.380729,224,67.7407,0.00983533
2026-03-26T02:41:17Z,SOL5M_20260326T024500Z,0.641541,0.372145,223,246.959802,0.00455693
2026-03-26T02:41:18Z,SOL5M_20260326T024500Z,0.639821,0.380249,222,105.859605,0.0104131
2026-03-26T02:41:19Z,SOL5M_20260326T024500Z,0.646902,0.360679,221,361.344502,0.00154419
2026-03-26T02:41:20Z,SOL5M_20260326T024500Z,0.648457,0.358932,220,263.105251,0.00186045
2026-03-26T02:41:21Z,SOL5M_20260326T024500Z,0.649225,0.360286,219,260.48765,0.0019746
2026-03-26T02:41:22Z,SOL5M_20260326T024500Z,0.646675,0.367139,218,181.341774,0.00474315
2026-03-26T02:41:23Z,SOL5M_20260326T024500Z,0.631735,0.384709,217,112.178463,0.00979785
2026-03-26T02:41:24Z,SOL5M_20260326T024500Z,0.633817,0.379188,216,178.71929,0.00404729
2026-03-26T02:41:25Z,SOL5M_20260326T024500Z,0.643414,0.376993,215,97.293083,0.00925182
2026-03-26T02:41:26Z,SOL5M_20260326T024500Z,0.65207,0.358339,214,200.308777,0.0045452
2026-03-26T02:41:27Z,SOL5M_20260326T024500Z,0.652362,0.355842,213,421.931301,0.00185678
2026-03-26T02:41:28Z,SOL5M_20260326T024500Z,0.646035,0.366334,212,216.974448,0.00388637
2026-03-26T02:41:29Z,SOL5M_20260326T024500Z,0.646456,0.360871,211,376.704442,0.00179894
2026-03-26T02:41:30Z,SOL5M_20260326T024500Z,0.64533,0.365698,210,222.198901,0.00491133
2026-03-26T02:41:31Z,SOL5M_20260326T024500Z,0.648028,0.363073,209,212.799232,0.00410043
2026-03-26T02:41:32Z,SOL5M_20260326T024500Z,0.643829,0.362989,208,449.828567,0.00199482
2026-03-26T02:41:33Z,SOL5M_20260326T024500Z,0.647151,0.362914,207,169.750266,0.00418609
2026-03-26T02:41:34Z,SOL5M_20260326T024500Z,0.651499,0.362254,206,169.792434,0.00465576
2026-03-26T02:41:35Z,SOL5M_20260326T024500Z,0.654424,0.357647,205,199.791865,0.00485521
2026-03-26T02:41:36Z,SOL5M_20260326T024500Z,0.65588,0.356146,204,253.427936,0.00385629
2026-03-26T02:41:37Z,SOL5M_20260326T024500Z,0.65616,0.356581,203,245.880737,0.00449311
2026-03-26T02:41:38Z,SOL5M_20260326T024500Z,0.655109,0.354114,202,335.494832,0.00198747
2026-03-26T02:41:39Z,SOL5M_20260326T024500Z,0.644721,0.367535,201,163.358636,0.00459488
2026-03-26T02:41:40Z,SOL5M_20260326T024500Z,0.650821,0.358745,200,303.741342,0.00194278
2026-03-26T02:41:41Z,SOL5M_20260326T024500Z,0.647957,0.36615,199,180.690236,0.00489811
2026-03-26T02:41:42Z,SOL5M_20260326T024500Z,0.648034,0.361783,198,200.009348,0.00451232
2026-03-26T02:41:43Z,SOL5M_20260326T024500Z,0.652218,0.358956,197,201.860688,0.00464345
2026-03-26T02:41:44Z,SOL5M_20260326T024500Z,0.646609,0.364427,196,228.718323,0.00516233
2026-03-26T02:41:45Z,SOL5M_20260326T024500Z,0.649969,0.35761,195,416.307255,0.00169189
2026-03-26T02:41:46Z,SOL5M_20260326T024500Z,0.647817,0.373985,194,106.02476,0.01025111
2026-03-26T02:41:47Z,SOL5M_20260326T024500Z,0.648897,0.371724,193,104.912749,0.01084871
2026-03-26T02:41:48Z,SOL5M_20260326T024500Z,0.647361,0.361022,192,377.095301,0.00162208
2026-03-26T02:41:49Z,SOL5M_20260326T024500Z,0.642721,0.36697,191,153.187463,0.00510508
2026-03-26T02:41:50Z,SOL5M_20260326T024500Z,0.6545,0.35882,190,189.245289,0.00475718
2026-03-26T02:41:51Z,SOL5M_20260326T024500Z,0.649712,0.361448,189,164.881005,0.00401141
2026-03-26T02:41:52Z,SOL5M_20260326T024500Z,0.649323,0.359995,188,281.368309,0.00169943
2026-03-26T02:41:53Z,SOL5M_20260326T024500Z,0.647389,0.360964,187,390.595795,0.00187739
2026-03-26T02:41:54Z,SOL5M_20260326T024500Z,0.645203,0.369067,186,166.984045,0.00457842
2026-03-26T02:41:55Z,SOL5M_20260326T024500Z,0.651179,0.358209,185,318.248667,0.0017012
2026-03-26T02:41:56Z,SOL5M_20260326T024500Z,0.660104,0.351319,184,221.194669,0.00398953
2026-03-26T02:41:57Z,SOL5M_20260326T024500Z,0.652266,0.369447,183,78.532038,0.00937136
2026-03-26T02:41:58Z,SOL5M_20260326T024500Z,0.646457,0.364113,182,197.489512,0.0041712
2026-03-26T02:41:59Z,SOL5M_20260326T024500Z,0.643694,0.367069,181,210.41966,0.00465616
2026-03-26T02:42:00Z,SOL5M_20260326T024500Z,0.643694,0.364029,180,256.023132,0.00187449
2026-03-26T02:42:01Z,SOL5M_20260326T024500Z,0.643592,0.367961,179,251.491962,0.00456798
2026-03-26T02:42:02Z,SOL5M_20260326T024500Z,0.640501,0.38321,178,73.770623,0.00993235
2026-03-26T02:42:03Z,SOL5M_20260326T024500Z,0.643834,0.369237,177,204.218273,0.00460008
2026-03-26T02:42:04Z,SOL5M_20260326T024500Z,0.665894,0.351512,176,110.641229,0.00902519
2026-03-26T02:42:05Z,SOL5M_20260326T024500Z,0.662182,0.351863,175,255.455766,0.00508942
2026-03-26T02:42:06Z,SOL5M_20260326T024500Z,0.656094,0.358225,174,152.876083,0.00459175
2026-03-26T02:42:07Z,SOL5M_20260326T024500Z,0.668203,0.343643,173,242.127169,0.00509206
2026-03-26T02:42:08Z,SOL5M_20260326T024500Z,0.675307,0.335527,172,195.069737,0.00404437
2026-03-26T02:42:09Z,SOL5M_20260326T024500Z,0.678543,0.330597,171,281.853932,0.00193893
2026-03-26T02:42:10Z,SOL5M_20260326T024500Z,0.675816,0.345539,170,67.68384,0.01004584
2026-03-26T02:42:11Z,SOL5M_20260326T024500Z,0.684437,0.328781,169,168.26255,0.00417706
2026-03-26T02:42:12Z,SOL5M_20260326T024500Z,0.676589,0.336149,168,141.372288,0.00480089
2026-03-26T02:42:13Z,SOL5M_20260326T024500Z,0.680251,0.333646,167,200.302457,0.00437231
2026-03-26T02:42:14Z,SOL5M_20260326T024500Z,0.673568,0.337448,166,249.935646,0.00398351
2026-03-26T02:42:15Z,SOL5M_20260326T024500Z,0.674397,0.337199,165,212.688674,0.00483444
2026-03-26T02:42:16Z,SOL5M_20260326T024500Z,0.676787,0.333862,164,219.691333,0.00455065
2026-03-26T02:42:17Z,SOL5M_20260326T024500Z,0.681988,0.327987,163,224.451935,0.00442811
2026-03-26T02:42:18Z,SOL5M_20260326T024500Z,0.684124,0.328225,162,200.658447,0.00456433
2026-03-26T02:42:19Z,SOL5M_20260326T024500Z,0.686984,0.323053,161,209.977721,0.00410229
2026-03-26T02:42:20Z,SOL5M_20260326T024500Z,0.701206,0.318448,160,90.715384,0.0098603
2026-03-26T02:42:21Z,SOL5M_20260326T024500Z,0.698333,0.310454,159,416.455177,0.00174381
2026-03-26T02:42:22Z,SOL5M_20260326T024500Z,0.703518,0.310854,158,147.651189,0.00429011
2026-03-26T02:42:23Z,SOL5M_20260326T024500Z,0.702934,0.310342,157,232.276648,0.00437697
2026-03-26T02:42:24Z,SOL5M_20260326T024500Z,0.700681,0.306942,156,453.499886,0.001757
2026-03-26T02:42:25Z,SOL5M_20260326T024500Z,0.697448,0.311043,155,358.253055,0.00188737
2026-03-26T02:42:26Z,SOL5M_20260326T024500Z,0.694208,0.318885,154,203.461105,0.0045503
2026-03-26T02:42:27Z,SOL5M_20260326T024500Z,0.701384,0.31077,153,205.333441,0.00473422
2026-03-26T02:42:28Z,SOL5M_20260326T024500Z,0.701344,0.312755,152,173.077967,0.00429232
2026-03-26T02:42:29Z,SOL5M_20260326T024500Z,0.694191,0.315484,151,246.050795,0.00485917
2026-03-26T02:42:30Z,SOL5M_20260326T024500Z,0.701304,0.311672,150,211.734188,0.00387033
2026-03-26T02:42:31Z,SOL5M_20260326T024500Z,0.704212,0.305659,149,243.647629,0.00411831
2026-03-26T02:42:32Z,SOL5M_20260326T024500Z,0.696844,0.314287,148,227.782098,0.00492631
2026-03-26T02:42:33Z,SOL5M_20260326T024500Z,0.693292,0.317369,147,219.225491,0.0040184
2026-03-26T02:42:34Z,SOL5M_20260326T024500Z,0.690881,0.323094,146,245.565667,0.0051055
2026-03-26T02:42:35Z,SOL5M_20260326T024500Z,0.679723,0.342564,145,99.252496,0.01132476
2026-03-26T02:42:36Z,SOL5M_20260326T024500Z,0.672934,0.340287,144,185.175223,0.00402644
2026-03-26T02:42:37Z,SOL5M_20260326T024500Z,0.677881,0.330319,143,437.095647,0.00196512
2026-03-26T02:42:38Z,SOL5M_20260326T024500Z,0.674766,0.332284,142,296.000288,0.00160241
2026-03-26T02:42:39Z,SOL5M_20260326T024500Z,0.665747,0.345142,141,162.857794,0.00480319
2026-03-26T02:42:40Z,SOL5M_20260326T024500Z,0.663953,0.344884,140,284.514292,0.00200176
2026-03-26T02:42:41Z,SOL5M_20260326T024500Z,0.656779,0.359344,139,114.679067,0.00949889
2026-03-26T02:42:42Z,SOL5M_20260326T024500Z,0.648734,0.371097,138,116.976888,0.00885195
2026-03-26T02:42:43Z,SOL5M_20260326T024500Z,0.666885,0.352161,137,104.87775,0.01015624
2026-03-26T02:42:44Z,SOL5M_20260326T024500Z,0.675811,0.336176,136,201.537985,0.00417811
2026-03-26T02:42:45Z,SOL5M_20260326T024500Z,0.69528,0.324032,135,83.018066,0.01124299
2026-03-26T02:42:46Z,SOL5M_20260326T024500Z,0.687535,0.326552,134,171.292893,0.004022
2026-03-26T02:42:47Z,SOL5M_20260326T024500Z,0.689884,0.322112,133,240.003526,0.00433778
2026-03-26T02:42:48Z,SOL5M_20260326T024500Z,0.685329,0.324164,132,417.534307,0.00166896
2026-03-26T02:42:49Z,SOL5M_20260326T024500Z,0.688177,0.319785,131,396.265841,0.0016214
2026-03-26T02:42:50Z,SOL5M_20260326T024500Z,0.689276,0.317232,130,257.333731,0.00187658
2026-03-26T02:42:51Z,SOL5M_20260326T024500Z,0.686064,0.321076,129,421.934391,0.00175269
2026-03-26T02:42:52Z,SOL5M_20260326T024500Z,0.68182,0.330746,128,184.784083,0.00450774
2026-03-26T02:42:53Z,SOL5M_20260326T024500Z,0.677551,0.332105,127,206.197227,0.00383393
2026-03-26T02:42:54Z,SOL5M_20260326T024500Z,0.67677,0.336734,126,142.057112,0.0051446
2026-03-26T02:42:55Z,SOL5M_20260326T024500Z,0.666903,0.343619,125,157.867698,0.00395502
2026-03-26T02:42:56Z,SOL5M_20260326T024500Z,0.662951,0.356033,124,84.432407,0.00930197
2026-03-26T02:42:57Z,SOL5M_20260326T024500Z,0.6632,0.349538,123,241.744052,0.00474846
2026-03-26T02:42:58Z,SOL5M_20260326T024500Z,0.658573,0.349596,122,324.645445,0.00158049
2026-03-26T02:42:59Z,SOL5M_20260326T024500Z,0.663511,0.348805,121,234.125157,0.00441078
2026-03-26T02:43:00Z,SOL5M_20260326T024500Z,0.666811,0.343804,120,145.106211,0.00453801
2026-03-26T02:43:01Z,SOL5M_20260326T024500Z,0.661525,0.352391,119,251.070177,0.00392537
2026-03-26T02:43:02Z,SOL5M_20260326T024500Z,0.655705,0.35851,118,177.738163,0.00507883
2026-03-26T02:43:03Z,SOL5M_20260326T024500Z,0.652675,0.358079,117,159.49403,0.00392887
2026-03-26T02:43:04Z,SOL5M_20260326T024500Z,0.661846,0.351381,116,179.807581,0.00503531
2026-03-26T02:43:05Z,SOL5M_20260326T024500Z,0.666363,0.341436,115,256.276251,0.00205613
2026-03-26T02:43:06Z,SOL5M_20260326T024500Z,0.663039,0.348465,114,254.583008,0.00486316
2026-03-26T02:43:07Z,SOL5M_20260326T024500Z,0.66129,0.362239,113,82.213805,0.00997181
2026-03-26T02:43:08Z,SOL5M_20260326T024500Z,0.660911,0.347469,112,262.995765,0.00188676
2026-03-26T02:43:09Z,SOL5M_20260326T024500Z,0.654418,0.358733,111,216.068106,0.00478576
2026-03-26T02:43:10Z,SOL5M_20260326T024500Z,0.653411,0.357917,110,176.992095,0.00383201
2026-03-26T02:43:11Z,SOL5M_20260326T024500Z,0.657244,0.352482,109,188.965301,0.0045739
2026-03-26T02:43:12Z,SOL5M_20260326T024500Z,0.653829,0.35762,108,178.93164,0.00463236
2026-03-26T02:43:13Z,SOL5M_20260326T024500Z,0.663195,0.35738,107,115.821345,0.01121562
2026-03-26T02:43:14Z,SOL5M_20260326T024500Z,0.67105,0.340917,106,176.135752,0.00401243
2026-03-26T02:43:15Z,SOL5M_20260326T024500Z,0.674202,0.336581,105,170.203969,0.00392884
2026-03-26T02:43:16Z,SOL5M_20260326T024500Z,0.675289,0.332086,104,267.464197,0.0016356
2026-03-26T02:43:17Z,SOL5M_20260326T024500Z,0.677401,0.345122,103,81.075756,0.00948863
2026-03-26T02:43:18Z,SOL5M_20260326T024500Z,0.681657,0.341921,102,80.315918,0.00890837
2026-03-26T02:43:19Z,SOL5M_20260326T024500Z,0.683119,0.336809,101,100.527719,0.00937434
2026-03-26T02:43:20Z,SOL5M_20260326T024500Z,0.68703,0.324456,100,237.979342,0.00433267
2026-03-26T02:43:21Z,SOL5M_20260326T024500Z,0.687686,0.321764,99,360.520823,0.00189812
2026-03-26T02:43:22Z,SOL5M_20260326T024500Z,0.688728,0.319889,98,306.179554,0.00176677
2026-03-26T02:43:23Z,SOL5M_20260326T024500Z,0.683511,0.32925,97,169.04254,0.00468
2026-03-26T02:43:24Z,SOL5M_20260326T024500Z,0.682388,0.325545,96,453.047129,0.00156994
2026-03-26T02:43:25Z,SOL5M_20260326T024500Z,0.683421,0.324129,95,411.051393,0.00182357
2026-03-26T02:43:26Z,SOL5M_20260326T024500Z,0.681336,0.327525,94,262.846206,0.00187462
2026-03-26T02:43:27Z,SOL5M_20260326T024500Z,0.678373,0.333146,93,221.296628,0.00515287
2026-03-26T02:43:28Z,SOL5M_20260326T024500Z,0.665586,0.352484,92,63.56958,0.00979137
2026-03-26T02:43:29Z,SOL5M_20260326T024500Z,0.664996,0.343875,91,327.138175,0.00177072
2026-03-26T02:43:30Z,SOL5M_20260326T024500Z,0.658961,0.347773,90,250.158157,0.00171628
2026-03-26T02:43:31Z,SOL5M_20260326T024500Z,0.668332,0.351311,89,79.842079,0.00892503
2026-03-26T02:43:32Z,SOL5M_20260326T024500Z,0.673263,0.339681,88,192.579913,0.00446782
2026-03-26T02:43:33Z,SOL5M_20260326T024500Z,0.671525,0.341326,87,217.75639,0.00497139
2026-03-26T02:43:34Z,SOL5M_20260326T024500Z,0.649652,0.367629,86,72.420475,0.00923174
2026-03-26T02:43:35Z,SOL5M_20260326T024500Z,0.645303,0.366371,85,216.857465,0.00407401
2026-03-26T02:43:36Z,SOL5M_20260326T024500Z,0.649942,0.357703,84,369.362663,0.00163656
2026-03-26T02:43:37Z,SOL5M_20260326T024500Z,0.6382,0.384776,83,68.494611,0.00868769
2026-03-26T02:43:38Z,SOL5M_20260326T024500Z,0.637637,0.376104,82,171.482407,0.00444269
2026-03-26T02:43:39Z,SOL5M_20260326T024500Z,0.637004,0.372102,81,318.064174,0.00184698
2026-03-26T02:43:40Z,SOL5M_20260326T024500Z,0.635869,0.385047,80,79.062021,0.01061797
2026-03-26T02:43:41Z,SOL5M_20260326T024500Z,0.641649,0.370403,79,223.212385,0.00407211
2026-03-26T02:43:42Z,SOL5M_20260326T024500Z,0.644346,0.368304,78,162.290444,0.00434301
2026-03-26T02:43:43Z,SOL5M_20260326T024500Z,0.637466,0.36994,77,274.462272,0.00179441
2026-03-26T02:43:44Z,SOL5M_20260326T024500Z,0.642169,0.368086,76,141.150013,0.0043097
2026-03-26T02:43:45Z,SOL5M_20260326T024500Z,0.630805,0.382826,75,189.875652,0.00474934
2026-03-26T02:43:46Z,SOL5M_20260326T024500Z,0.627728,0.383274,74,231.326794,0.00386666
2026-03-26T02:43:47Z,SOL5M_20260326T024500Z,0.632928,0.37931,73,231.910347,0.0048274
2026-03-26T02:43:48Z,SOL5M_20260326T024500Z,0.638368,0.372993,72,238.793937,0.0048714
2026-03-26T02:43:49Z,SOL5M_20260326T024500Z,0.637687,0.371369,71,266.507452,0.00206448
2026-03-26T02:43:50Z,SOL5M_20260326T024500Z,0.642147,0.369126,70,193.967881,0.00517407
2026-03-26T02:43:51Z,SOL5M_20260326T024500Z,0.635981,0.3723,69,415.247571,0.00165795
2026-03-26T02:43:52Z,SOL5M_20260326T024500Z,0.635138,0.371707,68,279.85614,0.0018717
2026-03-26T02:43:53Z,SOL5M_20260326T024500Z,0.641424,0.36973,67,204.652226,0.00420446
2026-03-26T02:43:54Z,SOL5M_20260326T024500Z,0.643523,0.370807,66,242.962021,0.00418591
2026-03-26T02:43:55Z,SOL5M_20260326T024500Z,0.636001,0.373173,65,453.422107,0.00202614
2026-03-26T02:43:56Z,SOL5M_20260326T024500Z,0.639125,0.383503,64,101.415322,0.00924903
2026-03-26T02:43:57Z,SOL5M_20260326T024500Z,0.637474,0.370373,63,331.987269,0.00167511
2026-03-26T02:43:58Z,SOL5M_20260326T024500Z,0.650006,0.36822,62,90.843127,0.00877928
2026-03-26T02:43:59Z,SOL5M_20260326T024500Z,0.645124,0.367993,61,232.896235,0.00382834
2026-03-26T02:44:00Z,SOL5M_20260326T024500Z,0.639407,0.370497,60,182.986728,0.00472159
2026-03-26T02:44:01Z,SOL5M_20260326T024500Z,0.639825,0.371396,59,239.401234,0.00418752
2026-03-26T02:44:02Z,SOL5M_20260326T024500Z,0.64165,0.366934,58,317.18532,0.00179208
2026-03-26T02:44:03Z,SOL5M_20260326T024500Z,0.636672,0.375046,57,242.918192,0.00399272
2026-03-26T02:44:04Z,SOL5M_20260326T024500Z,0.642343,0.374712,56,100.183962,0.00910695
2026-03-26T02:44:05Z,SOL5M_20260326T024500Z,0.638246,0.373139,55,170.046713,0.00470869
2026-03-26T02:44:06Z,SOL5M_20260326T024500Z,0.637574,0.375383,54,176.661109,0.00436006
2026-03-26T02:44:07Z,SOL5M_20260326T024500Z,0.643588,0.367098,53,155.923975,0.00446869
2026-03-26T02:44:08Z,SOL5M_20260326T024500Z,0.635961,0.378382,52,238.053083,0.00476406
2026-03-26T02:44:09Z,SOL5M_20260326T024500Z,0.644087,0.367017,51,152.29126,0.00481153
2026-03-26T02:44:10Z,SOL5M_20260326T024500Z,0.644176,0.366063,50,230.378936,0.00486917
2026-03-26T02:44:11Z,SOL5M_20260326T024500Z,0.644968,0.3681,49,192.81193,0.00470253
2026-03-26T02:44:12Z,SOL5M_20260326T024500Z,0.647886,0.365842,48,222.38794,0.00438081
2026-03-26T02:44:13Z,SOL5M_20260326T024500Z,0.644212,0.363195,47,447.282229,0.00173738
2026-03-26T02:44:14Z,SOL5M_20260326T024500Z,0.642237,0.370243,46,206.407596,0.00393874
2026-03-26T02:44:15Z,SOL5M_20260326T024500Z,0.629391,0.390751,45,79.289064,0.01047522
2026-03-26T02:44:16Z,SOL5M_20260326T024500Z,0.628765,0.380509,44,256.459518,0.00168959
2026-03-26T02:44:17Z,SOL5M_20260326T024500Z,0.634279,0.380014,43,203.39438,0.00462681
2026-03-26T02:44:18Z,SOL5M_20260326T024500Z,0.624295,0.396252,42,109.483956,0.00889595
2026-03-26T02:44:19Z,SOL5M_20260326T024500Z,0.630337,0.386203,41,63.901228,0.0108111
2026-03-26T02:44:20Z,SOL5M_20260326T024500Z,0.629098,0.382934,40,234.7148,0.00390663
2026-03-26T02:44:21Z,SOL5M_20260326T024500Z,0.627192,0.381179,39,357.678611,0.00157451
2026-03-26T02:44:22Z,SOL5M_20260326T024500Z,0.625263,0.388215,38,164.383699,0.00451526
2026-03-26T02:44:23Z,SOL5M_20260326T024500Z,0.624987,0.396602,37,66.570215,0.01054317
2026-03-26T02:44:24Z,SOL5M_20260326T024500Z,0.607824,0.411652,36,67.655491,0.00867372
2026-03-26T02:44:25Z,SOL5M_20260326T024500Z,0.612228,0.396438,35,270.083031,0.00192996
2026-03-26T02:44:26Z,SOL5M_20260326T024500Z,0.607177,0.406182,34,202.760644,0.00511157
2026-03-26T02:44:27Z,SOL5M_20260326T024500Z,0.606721,0.402148,33,431.1471,0.00167513
2026-03-26T02:44:28Z,SOL5M_20260326T024500Z,0.605549,0.41615,32,66.449087,0.00931594
2026-03-26T02:44:29Z,SOL5M_20260326T024500Z,0.603507,0.407858,31,208.026335,0.00449947
2026-03-26T02:44:30Z,SOL5M_20260326T024500Z,0.606572,0.404124,30,226.733405,0.00459978
2026-03-26T02:44:31Z,SOL5M_20260326T024500Z,0.606876,0.403444,29,185.957537,0.00446188
2026-03-26T02:44:32Z,SOL5M_20260326T024500Z,0.594858,0.427068,28,112.353174,0.01015859
2026-03-26T02:44:33Z,SOL5M_20260326T024500Z,0.596809,0.410784,27,261.356285,0.00167648
2026-03-26T02:44:34Z,SOL5M_20260326T024500Z,0.599518,0.424333,26,106.434253,0.00903803
2026-03-26T02:44:35Z,SOL5M_20260326T024500Z,0.595519,0.416735,25,179.276111,0.00496554
2026-03-26T02:44:36Z,SOL5M_20260326T024500Z,0.593502,0.419087,24,176.469117,0.00458614
2026-03-26T02:44:37Z,SOL5M_20260326T024500Z,0.592549,0.416285,23,434.093092,0.00163553
2026-03-26T02:44:38Z,SOL5M_20260326T024500Z,0.602221,0.409042,22,167.959729,0.00437855
2026-03-26T02:44:39Z,SOL5M_20260326T024500Z,0.587216,0.425875,21,241.880719,0.00471236
2026-03-26T02:44:40Z,SOL5M_20260326T024500Z,0.591499,0.415093,20,348.326064,0.00165861
2026-03-26T02:44:41Z,SOL5M_20260326T024500Z,0.591113,0.430493,19,91.066998,0.01119186
2026-03-26T02:44:42Z,SOL5M_20260326T024500Z,0.595191,0.421877,18,68.161158,0.00875471
2026-03-26T02:44:43Z,SOL5M_20260326T024500Z,0.591251,0.419601,17,168.412608,0.00512669
2026-03-26T02:44:44Z,SOL5M_20260326T024500Z,0.58834,0.430204,16,102.709055,0.01060218
2026-03-26T02:44:45Z,SOL5M_20260326T024500Z,0.592579,0.414347,15,277.636216,0.00184574
2026-03-26T02:44:46Z,SOL5M_20260326T024500Z,0.588772,0.421825,14,255.756167,0.0045485
2026-03-26T02:44:47Z,SOL5M_20260326T024500Z,0.590971,0.421974,13,239.166403,0.00475117
2026-03-26T02:44:48Z,SOL5M_20260326T024500Z,0.590044,0.427942,12,67.925497,0.00948338
2026-03-26T02:44:49Z,SOL5M_20260326T024500Z,0.59243,0.419111,11,143.729851,0.00516241
2026-03-26T02:44:50Z,SOL5M_20260326T024500Z,0.594939,0.414034,10,342.029082,0.00166492
2026-03-26T02:44:51Z,SOL5M_20260326T024500Z,0.595673,0.423305,9,107.478364,0.00889215
2026-03-26T02:44:52Z,SOL5M_20260326T024500Z,0.597106,0.411894,8,299.352337,0.00184445
2026-03-26T02:44:53Z,SOL5M_20260326T024500Z,0.593366,0.420215,7,248.609356,0.00399887
2026-03-26T02:44:54Z,SOL5M_20260326T024500Z,0.592956,0.419398,6,160.158705,0.00444734
2026-03-26T02:44:55Z,SOL5M_20260326T024500Z,0.594339,0.41266,5,290.090382,0.00162332
2026-03-26T02:44:56Z,SOL5M_20260326T024500Z,0.593494,0.424472,4,96.435534,0.00860395
2026-03-26T02:44:57Z,SOL5M_20260326T024500Z,0.599753,0.410805,3,156.468322,0.0042027
2026-03-26T02:44:58Z,SOL5M_20260326T024500Z,0.599463,0.409481,2,413.455297,0.00187061
2026-03-26T02:44:59Z,SOL5M_20260326T024500Z,0.599499,0.408509,1,436.662173,0.00179173
2026-03-26T02:45:00Z,SOL5M_20260326T025000Z,0.604913,0.408986,300,166.282423,0.00425548
2026-03-26T02:45:01Z,SOL5M_20260326T025000Z,0.597157,0.41236,299,454.917207,0.00194409
2026-03-26T02:45:02Z,SOL5M_20260326T025000Z,0.603219,0.406116,298,416.419884,0.00167392
2026-03-26T02:45:03Z,SOL5M_20260326T025000Z,0.622764,0.39995,297,82.15945,0.01089217
2026-03-26T02:45:04Z,SOL5M_20260326T025000Z,0.620216,0.392732,296,236.745227,0.0046249
2026-03-26T02:45:05Z,SOL5M_20260326T025000Z,0.622926,0.39458,295,93.40788,0.01019082
2026-03-26T02:45:06Z,SOL5M_20260326T025000Z,0.619619,0.400304,294,79.688866,0.00997668
2026-03-26T02:45:07Z,SOL5M_20260326T025000Z,0.622217,0.384828,293,437.758199,0.00153037
2026-03-26T02:45:08Z,SOL5M_20260326T025000Z,0.628688,0.378747,292,422.299658,0.00202614
2026-03-26T02:45:09Z,SOL5M_20260326T025000Z,0.626184,0.38329,291,425.740588,0.0019871
2026-03-26T02:45:10Z,SOL5M_20260326T025000Z,0.636202,0.382212,290,68.455737,0.00968679
2026-03-26T02:45:11Z,SOL5M_20260326T025000Z,0.633775,0.373182,289,381.327856,0.00204876
2026-03-26T02:45:12Z,SOL5M_20260326T025000Z,0.629615,0.377499,288,410.268276,0.00203158
2026-03-26T02:45:13Z,SOL5M_20260326T025000Z,0.632828,0.376609,287,398.054501,0.00159877
2026-03-26T02:45:14Z,SOL5M_20260326T025000Z,0.623729,0.386026,286,255.822073,0.00516728
2026-03-26T02:45:15Z,SOL5M_20260326T025000Z,0.616167,0.394108,285,252.402535,0.00458849
2026-03-26T02:45:16Z,SOL5M_20260326T025000Z,0.622639,0.391211,284,160.14649,0.00515121
2026-03-26T02:45:17Z,SOL5M_20260326T025000Z,0.624348,0.393648,283,77.321472,0.00983989
2026-03-26T02:45:18Z,SOL5M_20260326T025000Z,0.631326,0.380126,282,140.153739,0.00397085
2026-03-26T02:45:19Z,SOL5M_20260326T025000Z,0.616886,0.393201,281,205.522876,0.00433626
2026-03-26T02:45:20Z,SOL5M_20260326T025000Z,0.63274,0.384561,280,100.106662,0.01045291
2026-03-26T02:45:21Z,SOL5M_20260326T025000Z,0.638655,0.371762,279,148.904048,0.00510974
2026-03-26T02:45:22Z,SOL5M_20260326T025000Z,0.637352,0.369346,278,433.606076,0.0018254
2026-03-26T02:45:23Z,SOL5M_20260326T025000Z,0.630342,0.383529,277,159.799663,0.0050973
2026-03-26T02:45:24Z,SOL5M_20260326T025000Z,0.630326,0.38262,276,162.798111,0.00410249
2026-03-26T02:45:25Z,SOL5M_20260326T025000Z,0.628544,0.3838,275,145.956253,0.00414569
2026-03-26T02:45:26Z,SOL5M_20260326T025000Z,0.620476,0.390538,274,191.312715,0.00431212
2026-03-26T02:45:27Z,SOL5M_20260326T025000Z,0.620298,0.389696,273,175.017376,0.00405562
2026-03-26T02:45:28Z,SOL5M_20260326T025000Z,0.619919,0.392854,272,198.691617,0.00436158
2026-03-26T02:45:29Z,SOL5M_20260326T025000Z,0.628706,0.3894,271,87.071865,0.0096082
2026-03-26T02:45:30Z,SOL5M_20260326T025000Z,0.626873,0.386337,270,147.396724,0.00418756
2026-03-26T02:45:31Z,SOL5M_20260326T025000Z,0.629351,0.378821,269,368.842553,0.00205418
2026-03-26T02:45:32Z,SOL5M_20260326T025000Z,0.607227,0.415708,268,91.917778,0.0097559
2026-03-26T02:45:33Z,SOL5M_20260326T025000Z,0.612438,0.399572,267,225.716684,0.00504375
2026-03-26T02:45:34Z,SOL5M_20260326T025000Z,0.615002,0.40196,266,96.494748,0.0105326
2026-03-26T02:45:35Z,SOL5M_20260326T025000Z,0.609111,0.410276,265,69.814044,0.01092538
2026-03-26T02:45:36Z,SOL5M_20260326T025000Z,0.605993,0.407611,264,215.267145,0.00517131
2026-03-26T02:45:37Z,SOL5M_20260326T025000Z,0.610121,0.401045,263,187.682599,0.00434893
2026-03-26T02:45:38Z,SOL5M_20260326T025000Z,0.605901,0.40669,262,234.386077,0.00500418
2026-03-26T02:45:39Z,SOL5M_20260326T025000Z,0.609936,0.404175,261,231.005287,0.00461871
2026-03-26T02:45:40Z,SOL5M_20260326T025000Z,0.604399,0.403715,260,305.079499,0.00158453
2026-03-26T02:45:41Z,SOL5M_20260326T025000Z,0.606412,0.40451,259,144.49588,0.0046471
2026-03-26T02:45:42Z,SOL5M_20260326T025000Z,0.609832,0.399414,258,253.144332,0.00190458
2026-03-26T02:45:43Z,SOL5M_20260326T025000Z,0.612544,0.409995,257,64.092576,0.01119109
2026-03-26T02:45:44Z,SOL5M_20260326T025000Z,0.620326,0.389746,256,223.541941,0.00448869
2026-03-26T02:45:45Z,SOL5M_20260326T025000Z,0.61632,0.39528,255,172.330398,0.00493986
2026-03-26T02:45:46Z,SOL5M_20260326T025000Z,0.618503,0.394654,254,238.876332,0.00411038
2026-03-26T02:45:47Z,SOL5M_20260326T025000Z,0.610497,0.397524,253,310.33585,0.00161585
2026-03-26T02:45:48Z,SOL5M_20260326T025000Z,0.620077,0.397465,252,64.563201,0.011138
2026-03-26T02:45:49Z,SOL5M_20260326T025000Z,0.616995,0.39392,251,224.556073,0.00506434
2026-03-26T02:45:50Z,SOL5M_20260326T025000Z,0.611494,0.395004,250,271.0133,0.00187312
2026-03-26T02:45:51Z,SOL5M_20260326T025000Z,0.627339,0.389969,249,81.887035,0.01026064
2026-03-26T02:45:52Z,SOL5M_20260326T025000Z,0.626444,0.381193,248,304.864569,0.00190198
2026-03-26T02:45:53Z,SOL5M_20260326T025000Z,0.634603,0.38355,247,99.595543,0.01044214
2026-03-26T02:45:54Z,SOL5M_20260326T025000Z,0.642331,0.367312,246,232.108727,0.00487841
2026-03-26T02:45:55Z,SOL5M_20260326T025000Z,0.641952,0.369114,245,236.610268,0.00416573
2026-03-26T02:45:56Z,SOL5M_20260326T025000Z,0.63937,0.368146,244,324.059845,0.00175886
2026-03-26T02:45:57Z,SOL5M_20260326T025000Z,0.651523,0.368569,243,68.524854,0.00969146
2026-03-26T02:45:58Z,SOL5M_20260326T025000Z,0.641898,0.378974,242,97.956474,0.00962269
2026-03-26T02:45:59Z,SOL5M_20260326T025000Z,0.655269,0.36282,241,109.520546,0.01042178
2026-03-26T02:46:00Z,SOL5M_20260326T025000Z,0.670918,0.351206,240,71.096182,0.00939637
2026-03-26T02:46:01Z,SOL5M_20260326T025000Z,0.665349,0.343359,239,387.958708,0.00188669
2026-03-26T02:46:02Z,SOL5M_20260326T025000Z,0.679567,0.339539,238,85.602547,0.00927828
2026-03-26T02:46:03Z,SOL5M_20260326T025000Z,0.68262,0.329546,237,166.683583,0.00480584
2026-03-26T02:46:04Z,SOL5M_20260326T025000Z,0.687067,0.335697,236,90.395002,0.01051561
2026-03-26T02:46:05Z,SOL5M_20260326T025000Z,0.687383,0.326097,235,171.038222,0.00399772
2026-03-26T02:46:06Z,SOL5M_20260326T025000Z,0.678919,0.331109,234,180.275896,0.00474261
2026-03-26T02:46:07Z,SOL5M_20260326T025000Z,0.684154,0.323187,233,299.717439,0.00170891
2026-03-26T02:46:08Z,SOL5M_20260326T025000Z,0.69189,0.322243,232,210.028954,0.00499463
2026-03-26T02:46:09Z,SOL5M_20260326T025000Z,0.704524,0.311909,231,79.111211,0.00964501
2026-03-26T02:46:10Z,SOL5M_20260326T025000Z,0.702906,0.309427,230,189.103022,0.0040954
2026-03-26T02:46:11Z,SOL5M_20260326T025000Z,0.701407,0.307012,229,347.391978,0.00195063
2026-03-26T02:46:12Z,SOL5M_20260326T025000Z,0.704435,0.304401,228,302.440851,0.00153255
2026-03-26T02:46:13Z,SOL5M_20260326T025000Z,0.706293,0.302134,227,374.040745,0.00157754
2026-03-26T02:46:14Z,SOL5M_20260326T025000Z,0.703615,0.31398,226,65.037167,0.00964995
2026-03-26T02:46:15Z,SOL5M_20260326T025000Z,0.703275,0.317738,225,99.5444,0.00907173
2026-03-26T02:46:16Z,SOL5M_20260326T025000Z,0.70756,0.300067,224,272.075468,0.00171595
2026-03-26T02:46:17Z,SOL5M_20260326T025000Z,0.703218,0.309245,223,227.339829,0.00421762
2026-03-26T02:46:18Z,SOL5M_20260326T025000Z,0.706795,0.316417,222,81.507573,0.01148642
2026-03-26T02:46:19Z,SOL5M_20260326T025000Z,0.69935,0.322467,221,75.334587,0.00971017
2026-03-26T02:46:20Z,SOL5M_20260326T025000Z,0.706317,0.301256,220,280.486796,0.00184843
2026-03-26T02:46:21Z,SOL5M_20260326T025000Z,0.70495,0.309424,219,145.830435,0.00454689
2026-03-26T02:46:22Z,SOL5M_20260326T025000Z,0.70185,0.305884,218,389.847447,0.00154066
2026-03-26T02:46:23Z,SOL5M_20260326T025000Z,0.707271,0.303775,217,215.637361,0.00476351
2026-03-26T02:46:24Z,SOL5M_20260326T025000Z,0.707461,0.299378,216,372.183211,0.00167579
2026-03-26T02:46:25Z,SOL5M_20260326T025000Z,0.702713,0.307841,215,152.751645,0.00397892
2026-03-26T02:46:26Z,SOL5M_20260326T025000Z,0.704433,0.308544,214,164.200783,0.00453125
2026-03-26T02:46:27Z,SOL5M_20260326T025000Z,0.706948,0.302665,213,179.672434,0.00508472
2026-03-26T02:46:28Z,SOL5M_20260326T025000Z,0.719533,0.29766,212,99.127184,0.0110057
2026-03-26T02:46:29Z,SOL5M_20260326T025000Z,0.717698,0.296648,211,167.739234,0.00417045
2026-03-26T02:46:30Z,SOL5M_20260326T025000Z,0.71663,0.293159,210,160.964217,0.00395974
2026-03-26T02:46:31Z,SOL5M_20260326T025000Z,0.722141,0.284406,209,404.222841,0.0015813
2026-03-26T02:46:32Z,SOL5M_20260326T025000Z,0.716086,0.291714,208,320.080755,0.00162208
2026-03-26T02:46:33Z,SOL5M_20260326T025000Z,0.701728,0.32197,207,84.641986,0.00904861
2026-03-26T02:46:34Z,SOL5M_20260326T025000Z,0.707703,0.305011,206,235.987892,0.00497341
2026-03-26T02:46:35Z,SOL5M_20260326T025000Z,0.704353,0.307244,205,159.127448,0.00509733
2026-03-26T02:46:36Z,SOL5M_20260326T025000Z,0.704386,0.314652,204,72.78807,0.01053518
2026-03-26T02:46:37Z,SOL5M_20260326T025000Z,0.69816,0.325204,203,70.055388,0.01142033
2026-03-26T02:46:38Z,SOL5M_20260326T025000Z,0.704522,0.306587,202,171.393544,0.00388706
2026-03-26T02:46:39Z,SOL5M_20260326T025000Z,0.698969,0.309575,201,450.358067,0.00183511
2026-03-26T02:46:40Z,SOL5M_20260326T025000Z,0.700907,0.307611,200,265.000849,0.00190831
2026-03-26T02:46:41Z,SOL5M_20260326T025000Z,0.700213,0.314128,199,207.001308,0.00495769
2026-03-26T02:46:42Z,SOL5M_20260326T025000Z,0.704856,0.30427,198,423.257571,0.00161474
2026-03-26T02:46:43Z,SOL5M_20260326T025000Z,0.704444,0.306225,197,146.042086,0.0051347
2026-03-26T02:46:44Z,SOL5M_20260326T025000Z,0.695217,0.318229,196,195.091351,0.00414225
2026-03-26T02:46:45Z,SOL5M_20260326T025000Z,0.697941,0.312152,195,218.40476,0.00449645
2026-03-26T02:46:46Z,SOL5M_20260326T025000Z,0.697621,0.310713,194,264.088065,0.00153009
2026-03-26T02:46:47Z,SOL5M_20260326T025000Z,0.69146,0.319884,193,254.042616,0.00473149
2026-03-26T02:46:48Z,SOL5M_20260326T025000Z,0.690239,0.322336,192,207.218101,0.00443852
2026-03-26T02:46:49Z,SOL5M_20260326T025000Z,0.692093,0.319146,191,166.609653,0.00485008
2026-03-26T02:46:50Z,SOL5M_20260326T025000Z,0.689824,0.331793,190,91.187195,0.00937595
2026-03-26T02:46:51Z,SOL5M_20260326T025000Z,0.693591,0.314764,189,267.461916,0.00191964
2026-03-26T02:46:52Z,SOL5M_20260326T025000Z,0.693105,0.329146,188,87.680484,0.00967869
2026-03-26T02:46:53Z,SOL5M_20260326T025000Z,0.688497,0.33368,187,94.7958,0.0110124
2026-03-26T02:46:54Z,SOL5M_20260326T025000Z,0.690915,0.317081,186,273.273563,0.00204634
2026-03-26T02:46:55Z,SOL5M_20260326T025000Z,0.682971,0.340399,185,90.449977,0.0099488
2026-03-26T02:46:56Z,SOL5M_20260326T025000Z,0.684805,0.322834,184,271.960174,0.00192447
2026-03-26T02:46:57Z,SOL5M_20260326T025000Z,0.67649,0.336769,183,249.909229,0.00514733
2026-03-26T02:46:58Z,SOL5M_20260326T025000Z,0.666205,0.350862,182,87.453668,0.01141147
2026-03-26T02:46:59Z,SOL5M_20260326T025000Z,0.671017,0.342,181,243.284906,0.00477202
2026-03-26T02:47:00Z,SOL5M_20260326T025000Z,0.66821,0.33912,180,376.075194,0.00163848
2026-03-26T02:47:01Z,SOL5M_20260326T025000Z,0.667364,0.341258,179,350.817622,0.0020475
2026-03-26T02:47:02Z,SOL5M_20260326T025000Z,0.6682,0.344139,178,197.644391,0.00430052
2026-03-26T02:47:03Z,SOL5M_20260326T025000Z,0.658062,0.364405,177,108.754259,0.00935778
2026-03-26T02:47:04Z,SOL5M_20260326T025000Z,0.656222,0.354338,176,220.430501,0.00402119
2026-03-26T02:47:05Z,SOL5M_20260326T025000Z,0.656649,0.354367,175,222.871382,0.00495817
2026-03-26T02:47:06Z,SOL5M_20260326T025000Z,0.656362,0.357405,174,152.297601,0.00492394
2026-03-26T02:47:07Z,SOL5M_20260326T025000Z,0.649559,0.359398,173,409.704506,0.0016583
2026-03-26T02:47:08Z,SOL5M_20260326T025000Z,0.652893,0.356568,172,326.386476,0.0020303
2026-03-26T02:47:09Z,SOL5M_20260326T025000Z,0.655312,0.358036,171,214.467403,0.00416431
2026-03-26T02:47:10Z,SOL5M_20260326T025000Z,0.653932,0.367249,170,101.04997,0.01123446
2026-03-26T02:47:11Z,SOL5M_20260326T025000Z,0.650743,0.356225,169,306.777322,0.00205072
2026-03-26T02:47:12Z,SOL5M_20260326T025000Z,0.642416,0.368994,168,201.661622,0.00405962
2026-03-26T02:47:13Z,SOL5M_20260326T025000Z,0.644158,0.364513,167,314.418186,0.00166771
2026-03-26T02:47:14Z,SOL5M_20260326T025000Z,0.641375,0.372701,166,146.102653,0.00426055
2026-03-26T02:47:15Z,SOL5M_20260326T025000Z,0.638393,0.369024,165,409.646604,0.00172337
2026-03-26T02:47:16Z,SOL5M_20260326T025000Z,0.635948,0.375648,164,200.616842,0.00391704
2026-03-26T02:47:17Z,SOL5M_20260326T025000Z,0.639464,0.371184,163,183.295739,0.00427304
2026-03-26T02:47:18Z,SOL5M_20260326T025000Z,0.640396,0.369144,162,417.974564,0.00206818
2026-03-26T02:47:19Z,SOL5M_20260326T025000Z,0.644472,0.379199,161,96.541112,0.0103411
2026-03-26T02:47:20Z,SOL5M_20260326T025000Z,0.640736,0.370716,160,253.39852,0.00506151
2026-03-26T02:47:21Z,SOL5M_20260326T025000Z,0.629683,0.389882,159,106.352104,0.00962487
2026-03-26T02:47:22Z,SOL5M_20260326T025000Z,0.647495,0.376091,158,90.750314,0.00907754
2026-03-26T02:47:23Z,SOL5M_20260326T025000Z,0.658639,0.354674,157,220.440215,0.00391339
2026-03-26T02:47:24Z,SOL5M_20260326T025000Z,0.663442,0.349531,156,204.530506,0.0039653
2026-03-26T02:47:25Z,SOL5M_20260326T025000Z,0.657205,0.362469,155,71.302747,0.01074067
2026-03-26T02:47:26Z,SOL5M_20260326T025000Z,0.65494,0.357339,154,235.305774,0.00389826
2026-03-26T02:47:27Z,SOL5M_20260326T025000Z,0.656509,0.353172,153,191.963004,0.00467579
2026-03-26T02:47:28Z,SOL5M_20260326T025000Z,0.650374,0.358445,152,374.853365,0.00187637
2026-03-26T02:47:29Z,SOL5M_20260326T025000Z,0.640793,0.377618,151,105.492162,0.00881841
2026-03-26T02:47:30Z,SOL5M_20260326T025000Z,0.641652,0.366863,150,327.973784,0.00176635
2026-03-26T02:47:31Z,SOL5M_20260326T025000Z,0.641329,0.37288,149,205.486936,0.0049016
2026-03-26T02:47:32Z,SOL5M_20260326T025000Z,0.641557,0.367177,148,411.953596,0.00202365
2026-03-26T02:47:33Z,SOL5M_20260326T025000Z,0.644242,0.364067,147,246.056266,0.00159655
2026-03-26T02:47:34Z,SOL5M_20260326T025000Z,0.640895,0.382333,146,103.408016,0.00941407
2026-03-26T02:47:35Z,SOL5M_20260326T025000Z,0.638173,0.370898,145,291.365474,0.00161692
2026-03-26T02:47:36Z,SOL5M_20260326T025000Z,0.654036,0.359651,144,242.270135,0.00490454
2026-03-26T02:47:37Z,SOL5M_20260326T025000Z,0.653163,0.353551,143,259.146179,0.00168695
2026-03-26T02:47:38Z,SOL5M_20260326T025000Z,0.660357,0.35239,142,155.385818,0.00427165
2026-03-26T02:47:39Z,SOL5M_20260326T025000Z,0.661202,0.349866,141,213.961092,0.00443337
2026-03-26T02:47:40Z,SOL5M_20260326T025000Z,0.660436,0.347335,140,311.429963,0.00172683
2026-03-26T02:47:41Z,SOL5M_20260326T025000Z,0.662979,0.343851,139,421.423112,0.00176551
2026-03-26T02:47:42Z,SOL5M_20260326T025000Z,0.657402,0.361042,138,82.372047,0.00988855
2026-03-26T02:47:43Z,SOL5M_20260326T025000Z,0.650689,0.36962,137,70.56009,0.01107614
2026-03-26T02:47:44Z,SOL5M_20260326T025000Z,0.65258,0.363569,136,67.071598,0.00872939
2026-03-26T02:47:45Z,SOL5M_20260326T025000Z,0.652001,0.360246,135,248.756429,0.00462155
2026-03-26T02:47:46Z,SOL5M_20260326T025000Z,0.657436,0.36149,134,104.860651,0.00991631
2026-03-26T02:47:47Z,SOL5M_20260326T025000Z,0.66206,0.349444,133,201.249439,0.00445235
2026-03-26T02:47:48Z,SOL5M_20260326T025000Z,0.662949,0.345416,132,414.373412,0.00198791
2026-03-26T02:47:49Z,SOL5M_20260326T025000Z,0.670786,0.343459,131,219.129597,0.00510576
2026-03-26T02:47:50Z,SOL5M_20260326T025000Z,0.668726,0.343215,130,166.258294,0.00430937
2026-03-26T02:47:51Z,SOL5M_20260326T025000Z,0.673873,0.337981,129,183.350164,0.00505043
2026-03-26T02:47:52Z,SOL5M_20260326T025000Z,0.667529,0.345449,128,178.888533,0.0051488
2026-03-26T02:47:53Z,SOL5M_20260326T025000Z,0.662339,0.350398,127,160.861978,0.00455987
2026-03-26T02:47:54Z,SOL5M_20260326T025000Z,0.664731,0.342873,126,353.499208,0.00198115
2026-03-26T02:47:55Z,SOL5M_20260326T025000Z,0.658895,0.361939,125,89.033945,0.00996058
2026-03-26T02:47:56Z,SOL5M_20260326T025000Z,0.658327,0.354361,124,149.250587,0.00404857
2026-03-26T02:47:57Z,SOL5M_20260326T025000Z,0.661809,0.347187,123,293.37273,0.0015939
2026-03-26T02:47:58Z,SOL5M_20260326T025000Z,0.657805,0.352569,122,165.284474,0.0044714
2026-03-26T02:47:59Z,SOL5M_20260326T025000Z,0.660981,0.345545,121,377.203489,0.00161701
2026-03-26T02:48:00Z,SOL5M_20260326T025000Z,0.651748,0.362451,120,161.604505,0.00417365
2026-03-26T02:48:01Z,SOL5M_20260326T025000Z,0.654659,0.352016,119,304.525472,0.00188734
2026-03-26T02:48:02Z,SOL5M_20260326T025000Z,0.643803,0.37884,118,72.210606,0.01110191
2026-03-26T02:48:03Z,SOL5M_20260326T025000Z,0.632627,0.380449,117,171.742484,0.00471553
2026-03-26T02:48:04Z,SOL5M_20260326T025000Z,0.639156,0.372294,116,167.577654,0.0046223
2026-03-26T02:48:05Z,SOL5M_20260326T025000Z,0.637048,0.369661,115,276.407851,0.00175669
2026-03-26T02:48:06Z,SOL5M_20260326T025000Z,0.636498,0.371513,114,409.612329,0.00155108
2026-03-26T02:48:07Z,SOL5M_20260326T025000Z,0.640882,0.367998,113,433.36348,0.00197686
2026-03-26T02:48:08Z,SOL5M_20260326T025000Z,0.641962,0.366134,112,254.12204,0.00173
2026-03-26T02:48:09Z,SOL5M_20260326T025000Z,0.650387,0.362868,111,228.967285,0.00462021
2026-03-26T02:48:10Z,SOL5M_20260326T025000Z,0.653409,0.357307,110,197.256948,0.00400574
2026-03-26T02:48:11Z,SOL5M_20260326T025000Z,0.648835,0.364554,109,225.09786,0.00408018
2026-03-26T02:48:12Z,SOL5M_20260326T025000Z,0.643707,0.369195,108,218.545534,0.00383471
2026-03-26T02:48:13Z,SOL5M_20260326T025000Z,0.647429,0.360327,107,424.545155,0.00166696
2026-03-26T02:48:14Z,SOL5M_20260326T025000Z,0.648268,0.363315,106,230.596628,0.00474382
2026-03-26T02:48:15Z,SOL5M_20260326T025000Z,0.648428,0.359074,105,309.397148,0.00166704
2026-03-26T02:48:16Z,SOL5M_20260326T025000Z,0.642502,0.366291,104,383.449398,0.0019917
2026-03-26T02:48:17Z,SOL5M_20260326T025000Z,0.648322,0.363921,103,180.612542,0.00436576
2026-03-26T02:48:18Z,SOL5M_20260326T025000Z,0.649297,0.35712,102,447.559753,0.0016168
2026-03-26T02:48:19Z,SOL5M_20260326T025000Z,0.645586,0.364399,101,166.612429,0.00391151
2026-03-26T02:48:20Z,SOL5M_20260326T025000Z,0.650597,0.361504,100,213.675871,0.005154
2026-03-26T02:48:21Z,SOL5M_20260326T025000Z,0.635192,0.382422,99,86.704491,0.01042087
2026-03-26T02:48:22Z,SOL5M_20260326T025000Z,0.622007,0.398789,98,64.814905,0.00935802
2026-03-26T02:48:23Z,SOL5M_20260326T025000Z,0.629721,0.380635,97,140.034473,0.004148
2026-03-26T02:48:24Z,SOL5M_20260326T025000Z,0.621116,0.387159,96,327.980055,0.00172069
2026-03-26T02:48:25Z,SOL5M_20260326T025000Z,0.621314,0.392678,95,239.571776,0.00420907
2026-03-26T02:48:26Z,SOL5M_20260326T025000Z,0.630967,0.386589,94,95.743624,0.00932952
2026-03-26T02:48:27Z,SOL5M_20260326T025000Z,0.634826,0.376186,93,148.686316,0.00396873
2026-03-26T02:48:28Z,SOL5M_20260326T025000Z,0.622937,0.399568,92,110.310104,0.01137013
2026-03-26T02:48:29Z,SOL5M_20260326T025000Z,0.614326,0.39515,91,404.06939,0.00194578
2026-03-26T02:48:30Z,SOL5M_20260326T025000Z,0.623896,0.386262,90,143.282084,0.00461722
2026-03-26T02:48:31Z,SOL5M_20260326T025000Z,0.621619,0.387839,89,311.303446,0.00165416
2026-03-26T02:48:32Z,SOL5M_20260326T025000Z,0.61444,0.395606,88,169.790913,0.00494844
2026-03-26T02:48:33Z,SOL5M_20260326T025000Z,0.597371,0.425783,87,82.091048,0.00992967
2026-03-26T02:48:34Z,SOL5M_20260326T025000Z,0.611254,0.408738,86,112.136083,0.01054932
2026-03-26T02:48:35Z,SOL5M_20260326T025000Z,0.609756,0.402813,85,169.963452,0.00409873
2026-03-26T02:48:36Z,SOL5M_20260326T025000Z,0.606489,0.406296,84,221.097455,0.00506725
2026-03-26T02:48:37Z,SOL5M_20260326T025000Z,0.605016,0.406947,83,214.480097,0.00447609
2026-03-26T02:48:38Z,SOL5M_20260326T025000Z,0.604504,0.419371,82,89.503489,0.01110631
2026-03-26T02:48:39Z,SOL5M_20260326T025000Z,0.608506,0.399425,81,412.846683,0.00155924
2026-03-26T02:48:40Z,SOL5M_20260326T025000Z,0.610773,0.396186,80,389.131116,0.00174261
2026-03-26T02:48:41Z,SOL5M_20260326T025000Z,0.609648,0.398612,79,289.258001,0.00153638
2026-03-26T02:48:42Z,SOL5M_20260326T025000Z,0.607704,0.399454,78,360.198314,0.00167024
2026-03-26T02:48:43Z,SOL5M_20260326T025000Z,0.612048,0.399339,77,224.085515,0.00410922
2026-03-26T02:48:44Z,SOL5M_20260326T025000Z,0.607713,0.404652,76,155.7367,0.00406785
2026-03-26T02:48:45Z,SOL5M_20260326T025000Z,0.614766,0.395534,75,185.706006,0.0044085
2026-03-26T02:48:46Z,SOL5M_20260326T025000Z,0.621304,0.390694,74,161.192873,0.00491265
2026-03-26T02:48:47Z,SOL5M_20260326T025000Z,0.621433,0.386766,73,308.007178,0.00195408
2026-03-26T02:48:48Z,SOL5M_20260326T025000Z,0.613976,0.39953,72,147.204365,0.00475723
2026-03-26T02:48:49Z,SOL5M_20260326T025000Z,0.613048,0.401025,71,207.242004,0.0043123
2026-03-26T02:48:50Z,SOL5M_20260326T025000Z,0.618382,0.395841,70,244.08423,0.00398867
2026-03-26T02:48:51Z,SOL5M_20260326T025000Z,0.622925,0.389907,69,182.613085,0.00487842
2026-03-26T02:48:52Z,SOL5M_20260326T025000Z,0.620649,0.386668,68,325.02491,0.0020104
2026-03-26T02:48:53Z,SOL5M_20260326T025000Z,0.623138,0.397435,67,97.088764,0.00951216
2026-03-26T02:48:54Z,SOL5M_20260326T025000Z,0.618605,0.392516,66,167.386153,0.0040437
2026-03-26T02:48:55Z,SOL5M_20260326T025000Z,0.621565,0.389779,65,243.536778,0.00442561
2026-03-26T02:48:56Z,SOL5M_20260326T025000Z,0.623662,0.392523,64,72.929855,0.00974197
2026-03-26T02:48:57Z,SOL5M_20260326T025000Z,0.614658,0.392072,63,280.051198,0.00157323
2026-03-26T02:48:58Z,SOL5M_20260326T025000Z,0.613976,0.4052,62,64.423705,0.0101453
2026-03-26T02:48:59Z,SOL5M_20260326T025000Z,0.613192,0.397893,61,246.256558,0.00470902
2026-03-26T02:49:00Z,SOL5M_20260326T025000Z,0.625115,0.38851,60,155.753253,0.00467075
2026-03-26T02:49:01Z,SOL5M_20260326T025000Z,0.621169,0.391026,59,256.997785,0.00446781
2026-03-26T02:49:02Z,SOL5M_20260326T025000Z,0.618036,0.392413,58,223.714745,0.00513388
2026-03-26T02:49:03Z,SOL5M_20260326T025000Z,0.614864,0.392527,57,379.300932,0.00181267
2026-03-26T02:49:04Z,SOL5M_20260326T025000Z,0.612991,0.39458,56,337.790664,0.00196454
2026-03-26T02:49:05Z,SOL5M_20260326T025000Z,0.618415,0.401338,55,81.569786,0.01104384
2026-03-26T02:49:06Z,SOL5M_20260326T025000Z,0.613456,0.402617,54,88.761622,0.01134087
2026-03-26T02:49:07Z,SOL5M_20260326T025000Z,0.616999,0.395291,53,189.408304,0.00432942
2026-03-26T02:49:08Z,SOL5M_20260326T025000Z,0.615468,0.395948,52,186.766792,0.00482011
2026-03-26T02:49:09Z,SOL5M_20260326T025000Z,0.618327,0.390263,51,414.590737,0.00202138
2026-03-26T02:49:10Z,SOL5M_20260326T025000Z,0.621064,0.388067,50,331.709814,0.00196676
2026-03-26T02:49:11Z,SOL5M_20260326T025000Z,0.619251,0.38775,49,375.778294,0.00167695
2026-03-26T02:49:12Z,SOL5M_20260326T025000Z,0.622155,0.387936,48,162.312512,0.00454721
2026-03-26T02:49:13Z,SOL5M_20260326T025000Z,0.625553,0.385688,47,199.229546,0.00402842
2026-03-26T02:49:14Z,SOL5M_20260326T025000Z,0.62773,0.381203,46,342.373738,0.0020689
2026-03-26T02:49:15Z,SOL5M_20260326T025000Z,0.630824,0.381033,45,148.566163,0.00487213
2026-03-26T02:49:16Z,SOL5M_20260326T025000Z,0.637269,0.379707,44,107.725611,0.01095175
2026-03-26T02:49:17Z,SOL5M_20260326T025000Z,0.632709,0.379103,43,144.021235,0.00482079
2026-03-26T02:49:18Z,SOL5M_20260326T025000Z,0.630622,0.377959,42,344.293364,0.00206034
2026-03-26T02:49:19Z,SOL5M_20260326T025000Z,0.635041,0.375775,41,202.51115,0.00509052
2026-03-26T02:49:20Z,SOL5M_20260326T025000Z,0.638191,0.372454,40,243.63892,0.00502315
2026-03-26T02:49:21Z,SOL5M_20260326T025000Z,0.638926,0.374462,39,154.357951,0.00419774
2026-03-26T02:49:22Z,SOL5M_20260326T025000Z,0.639004,0.373458,38,197.032481,0.00488269
2026-03-26T02:49:23Z,SOL5M_20260326T025000Z,0.644507,0.369879,37,251.701854,0.00466017
2026-03-26T02:49:24Z,SOL5M_20260326T025000Z,0.650013,0.363386,36,224.159377,0.00469518
2026-03-26T02:49:25Z,SOL5M_20260326T025000Z,0.645116,0.362688,35,414.160329,0.00193862
2026-03-26T02:49:26Z,SOL5M_20260326T025000Z,0.643603,0.365673,34,273.293756,0.00172341
2026-03-26T02:49:27Z,SOL5M_20260326T025000Z,0.646198,0.361315,33,284.191613,0.00163248
2026-03-26T02:49:28Z,SOL5M_20260326T025000Z,0.64597,0.366291,32,249.73688,0.00494732
2026-03-26T02:49:29Z,SOL5M_20260326T025000Z,0.647671,0.364991,31,140.086379,0.0043206
2026-03-26T02:49:30Z,SOL5M_20260326T025000Z,0.650532,0.362793,30,242.819515,0.00385027
2026-03-26T02:49:31Z,SOL5M_20260326T025000Z,0.652172,0.35582,29,355.054651,0.00173925
2026-03-26T02:49:32Z,SOL5M_20260326T025000Z,0.65278,0.353973,28,379.589825,0.0017042
2026-03-26T02:49:33Z,SOL5M_20260326T025000Z,0.64781,0.36412,27,164.249483,0.00500422
2026-03-26T02:49:34Z,SOL5M_20260326T025000Z,0.649822,0.358261,26,383.163464,0.0019816
2026-03-26T02:49:35Z,SOL5M_20260326T025000Z,0.649352,0.357716,25,440.344318,0.00156827
2026-03-26T02:49:36Z,SOL5M_20260326T025000Z,0.629199,0.387287,24,106.255077,0.00873987
2026-03-26T02:49:37Z,SOL5M_20260326T025000Z,0.622769,0.388107,23,238.837156,0.00478139
2026-03-26T02:49:38Z,SOL5M_20260326T025000Z,0.631978,0.382233,22,253.352418,0.00423527
2026-03-26T02:49:39Z,SOL5M_20260326T025000Z,0.633158,0.379444,21,169.851563,0.00453536
2026-03-26T02:49:40Z,SOL5M_20260326T025000Z,0.635566,0.372878,20,267.157978,0.0017542
2026-03-26T02:49:41Z,SOL5M_20260326T025000Z,0.640319,0.378893,19,72.741413,0.00900043
2026-03-26T02:49:42Z,SOL5M_20260326T025000Z,0.634725,0.376566,18,193.16146,0.00517289
2026-03-26T02:49:43Z,SOL5M_20260326T025000Z,0.650742,0.362342,17,191.670569,0.00485665
2026-03-26T02:49:44Z,SOL5M_20260326T025000Z,0.649361,0.360003,16,405.798726,0.00164552
2026-03-26T02:49:45Z,SOL5M_20260326T025000Z,0.662103,0.350356,15,257.954777,0.00480552
2026-03-26T02:49:46Z,SOL5M_20260326T025000Z,0.666987,0.350788,14,79.218034,0.00940552
2026-03-26T02:49:47Z,SOL5M_20260326T025000Z,0.665217,0.342963,13,361.269262,0.00167902
2026-03-26T02:49:48Z,SOL5M_20260326T025000Z,0.657631,0.352633,12,182.67869,0.00387594
2026-03-26T02:49:49Z,SOL5M_20260326T025000Z,0.671699,0.351644,11,84.589105,0.00877572
2026-03-26T02:49:50Z,SOL5M_20260326T025000Z,0.669561,0.339482,10,281.309523,0.00195817
2026-03-26T02:49:51Z,SOL5M_20260326T025000Z,0.662727,0.345517,9,398.465766,0.00169221
2026-03-26T02:49:52Z,SOL5M_20260326T025000Z,0.659904,0.353618,8,181.751625,0.00486572
2026-03-26T02:49:53Z,SOL5M_20260326T025000Z,0.663098,0.346557,7,212.276196,0.00470625
2026-03-26T02:49:54Z,SOL5M_20260326T025000Z,0.661995,0.350196,6,144.94187,0.00423646
2026-03-26T02:49:55Z,SOL5M_20260326T025000Z,0.669601,0.342138,5,187.145925,0.00481263
2026-03-26T02:49:56Z,SOL5M_20260326T025000Z,0.669683,0.337979,4,305.854436,0.00164993
2026-03-26T02:49:57Z,SOL5M_20260326T025000Z,0.672848,0.339161,3,150.209478,0.00436391
2026-03-26T02:49:58Z,SOL5M_20260326T025000Z,0.670053,0.341889,2,207.115541,0.00400708
2026-03-26T02:49:59Z,SOL5M_20260326T025000Z,0.667186,0.3417,1,260.045236,0.00166297
2026-03-26T02:50:00Z,SOL5M_20260326T025500Z,0.664979,0.35441,300,99.274368,0.00876878
2026-03-26T02:50:01Z,SOL5M_20260326T025500Z,0.670906,0.341652,299,258.51823,0.00423651
2026-03-26T02:50:02Z,SOL5M_20260326T025500Z,0.670337,0.34319,298,145.385306,0.00402185
2026-03-26T02:50:03Z,SOL5M_20260326T025500Z,0.682851,0.34074,297,65.945053,0.00883712
2026-03-26T02:50:04Z,SOL5M_20260326T025500Z,0.678457,0.343094,296,63.741598,0.0109604
2026-03-26T02:50:05Z,SOL5M_20260326T025500Z,0.686568,0.325544,295,164.456162,0.00455131
2026-03-26T02:50:06Z,SOL5M_20260326T025500Z,0.696249,0.316705,294,156.961691,0.0048104
2026-03-26T02:50:07Z,SOL5M_20260326T025500Z,0.696508,0.31688,293,174.081625,0.00405493
2026-03-26T02:50:08Z,SOL5M_20260326T025500Z,0.69545,0.316016,292,141.000101,0.00470892
2026-03-26T02:50:09Z,SOL5M_20260326T025500Z,0.707007,0.314188,291,109.840164,0.00855723
2026-03-26T02:50:10Z,SOL5M_20260326T025500Z,0.712724,0.29839,290,151.952445,0.00514343
2026-03-26T02:50:11Z,SOL5M_20260326T025500Z,0.712332,0.294136,289,439.533494,0.00177731
2026-03-26T02:50:12Z,SOL5M_20260326T025500Z,0.713088,0.293814,288,327.613962,0.00171013
2026-03-26T02:50:13Z,SOL5M_20260326T025500Z,0.717577,0.29592,287,200.150175,0.00514563
2026-03-26T02:50:14Z,SOL5M_20260326T025500Z,0.704151,0.312085,286,107.002366,0.01117121
2026-03-26T02:50:15Z,SOL5M_20260326T025500Z,0.7109,0.308158,285,67.740931,0.0104708
2026-03-26T02:50:16Z,SOL5M_20260326T025500Z,0.709851,0.297318,284,292.759875,0.00186778
2026-03-26T02:50:17Z,SOL5M_20260326T025500Z,0.718086,0.292179,283,164.810873,0.00455702
2026-03-26T02:50:18Z,SOL5M_20260326T025500Z,0.719044,0.302598,282,79.685913,0.01108776
2026-03-26T02:50:19Z,SOL5M_20260326T025500Z,0.708335,0.315002,281,113.383617,0.00893546
2026-03-26T02:50:20Z,SOL5M_20260326T025500Z,0.714881,0.292536,280,269.861331,0.00204224
2026-03-26T02:50:21Z,SOL5M_20260326T025500Z,0.708447,0.311097,279,85.207595,0.00974212
2026-03-26T02:50:22Z,SOL5M_20260326T025500Z,0.712342,0.309891,278,77.784993,0.01129975
2026-03-26T02:50:23Z,SOL5M_20260326T025500Z,0.707842,0.299296,277,364.07905,0.00167411
2026-03-26T02:50:24Z,SOL5M_20260326T025500Z,0.707889,0.300036,276,389.50967,0.001724
2026-03-26T02:50:25Z,SOL5M_20260326T025500Z,0.704571,0.305689,275,198.973472,0.00497537
2026-03-26T02:50:26Z,SOL5M_20260326T025500Z,0.703381,0.307514,274,141.801711,0.00485713
2026-03-26T02:50:27Z,SOL5M_20260326T025500Z,0.703513,0.306041,273,439.691673,0.00156571
2026-03-26T02:50:28Z,SOL5M_20260326T025500Z,0.701836,0.308948,272,194.905392,0.00426361
2026-03-26T02:50:29Z,SOL5M_20260326T025500Z,0.701666,0.311498,271,213.380585,0.00424741
2026-03-26T02:50:30Z,SOL5M_20260326T025500Z,0.694802,0.313264,270,410.253171,0.00200292
2026-03-26T02:50:31Z,SOL5M_20260326T025500Z,0.703744,0.318137,269,84.363005,0.01005611
2026-03-26T02:50:32Z,SOL5M_20260326T025500Z,0.703226,0.304106,268,255.352044,0.00187055
2026-03-26T02:50:33Z,SOL5M_20260326T025500Z,0.703975,0.305887,267,213.576114,0.00439532
2026-03-26T02:50:34Z,SOL5M_20260326T025500Z,0.714186,0.298882,266,194.203771,0.00494536
2026-03-26T02:50:35Z,SOL5M_20260326T025500Z,0.71051,0.297333,265,331.847454,0.00160307
2026-03-26T02:50:36Z,SOL5M_20260326T025500Z,0.714319,0.293536,264,287.405721,0.00191482
2026-03-26T02:50:37Z,SOL5M_20260326T025500Z,0.714901,0.291864,263,270.944286,0.00191792
2026-03-26T02:50:38Z,SOL5M_20260326T025500Z,0.702991,0.310406,262,186.090485,0.00453215
2026-03-26T02:50:39Z,SOL5M_20260326T025500Z,0.704514,0.307801,261,249.470333,0.00486215
2026-03-26T02:50:40Z,SOL5M_20260326T025500Z,0.701771,0.311247,260,161.464012,0.00499791
2026-03-26T02:50:41Z,SOL5M_20260326T025500Z,0.699359,0.310873,259,154.106477,0.00467071
2026-03-26T02:50:42Z,SOL5M_20260326T025500Z,0.703545,0.305593,258,341.314958,0.00166668
2026-03-26T02:50:43Z,SOL5M_20260326T025500Z,0.697836,0.313733,257,197.085439,0.00461996
2026-03-26T02:50:44Z,SOL5M_20260326T025500Z,0.695655,0.312729,256,359.941738,0.00166215
2026-03-26T02:50:45Z,SOL5M_20260326T025500Z,0.69659,0.317108,255,144.406526,0.00470692
2026-03-26T02:50:46Z,SOL5M_20260326T025500Z,0.691842,0.32455,254,112.700774,0.00939532
2026-03-26T02:50:47Z,SOL5M_20260326T025500Z,0.688638,0.320281,253,369.943487,0.00190342
2026-03-26T02:50:48Z,SOL5M_20260326T025500Z,0.688399,0.321648,252,251.777578,0.0046066
2026-03-26T02:50:49Z,SOL5M_20260326T025500Z,0.690549,0.320457,251,206.05653,0.00440189
2026-03-26T02:50:50Z,SOL5M_20260326T025500Z,0.690355,0.317724,250,355.681074,0.00167819
2026-03-26T02:50:51Z,SOL5M_20260326T025500Z,0.691033,0.316914,249,452.309745,0.00186965
2026-03-26T02:50:52Z,SOL5M_20260326T025500Z,0.691245,0.329625,248,78.508114,0.01145884
2026-03-26T02:50:53Z,SOL5M_20260326T025500Z,0.689885,0.32221,247,207.516121,0.00400011
2026-03-26T02:50:54Z,SOL5M_20260326T025500Z,0.684922,0.328079,246,213.128691,0.00406787
2026-03-26T02:50:55Z,SOL5M_20260326T025500Z,0.692017,0.316942,245,423.094656,0.00159368
2026-03-26T02:50:56Z,SOL5M_20260326T025500Z,0.690052,0.322608,244,207.249861,0.00427562
2026-03-26T02:50:57Z,SOL5M_20260326T025500Z,0.689527,0.317909,243,351.404822,0.0016962
2026-03-26T02:50:58Z,SOL5M_20260326T025500Z,0.692078,0.316293,242,397.123295,0.00171434
2026-03-26T02:50:59Z,SOL5M_20260326T025500Z,0.694862,0.318564,241,249.939566,0.00473284
2026-03-26T02:51:00Z,SOL5M_20260326T025500Z,0.688692,0.323485,240,247.046999,0.00467172
2026-03-26T02:51:01Z,SOL5M_20260326T025500Z,0.691302,0.317418,239,307.862187,0.00198096
2026-03-26T02:51:02Z,SOL5M_20260326T025500Z,0.696349,0.312609,238,388.953593,0.00164246
2026-03-26T02:51:03Z,SOL5M_20260326T025500Z,0.694085,0.318522,237,258.034252,0.00386708
2026-03-26T02:51:04Z,SOL5M_20260326T025500Z,0.6901,0.319066,236,369.990292,0.00174037
2026-03-26T02:51:05Z,SOL5M_20260326T025500Z,0.684037,0.326703,235,199.646532,0.00438372
2026-03-26T02:51:06Z,SOL5M_20260326T025500Z,0.692494,0.324404,234,79.325188,0.00914842
2026-03-26T02:51:07Z,SOL5M_20260326T025500Z,0.678827,0.333173,233,197.919583,0.00385866
2026-03-26T02:51:08Z,SOL5M_20260326T025500Z,0.699546,0.322658,232,91.27591,0.01069732
2026-03-26T02:51:09Z,SOL5M_20260326T025500Z,0.710911,0.310886,231,70.166726,0.01053015
2026-03-26T02:51:10Z,SOL5M_20260326T025500Z,0.707981,0.301403,230,245.863073,0.00181207
2026-03-26T02:51:11Z,SOL5M_20260326T025500Z,0.70415,0.308613,229,202.469325,0.00388729
2026-03-26T02:51:12Z,SOL5M_20260326T025500Z,0.705333,0.302094,228,432.348473,0.00169856
2026-03-26T02:51:13Z,SOL5M_20260326T025500Z,0.705701,0.305213,227,157.918487,0.00398383
2026-03-26T02:51:14Z,SOL5M_20260326T025500Z,0.709836,0.297685,226,288.38125,0.00180759
2026-03-26T02:51:15Z,SOL5M_20260326T025500Z,0.709549,0.302994,225,148.549145,0.00415551
2026-03-26T02:51:16Z,SOL5M_20260326T025500Z,0.711315,0.301528,224,196.488269,0.0040006
2026-03-26T02:51:17Z,SOL5M_20260326T025500Z,0.714704,0.298909,223,211.130747,0.00462976
2026-03-26T02:51:18Z,SOL5M_20260326T025500Z,0.714636,0.294045,222,416.662816,0.00169872
2026-03-26T02:51:19Z,SOL5M_20260326T025500Z,0.712479,0.296522,221,272.677009,0.00178148
2026-03-26T02:51:20Z,SOL5M_20260326T025500Z,0.704418,0.308591,220,222.137357,0.00444004
2026-03-26T02:51:21Z,SOL5M_20260326T025500Z,0.710981,0.308156,219,112.294527,0.01035083
2026-03-26T02:51:22Z,SOL5M_20260326T025500Z,0.709838,0.298012,218,430.304817,0.00195594
2026-03-26T02:51:23Z,SOL5M_20260326T025500Z,0.708381,0.30412,217,232.152982,0.00405558
2026-03-26T02:51:24Z,SOL5M_20260326T025500Z,0.706569,0.304596,216,235.610933,0.0049287
2026-03-26T02:51:25Z,SOL5M_20260326T025500Z,0.703916,0.308314,215,214.504981,0.00438315
2026-03-26T02:51:26Z,SOL5M_20260326T025500Z,0.703415,0.309022,214,237.669885,0.00428496
2026-03-26T02:51:27Z,SOL5M_20260326T025500Z,0.701211,0.305438,213,384.148574,0.00165752
2026-03-26T02:51:28Z,SOL5M_20260326T025500Z,0.694467,0.313415,212,369.354258,0.00179278
2026-03-26T02:51:29Z,SOL5M_20260326T025500Z,0.694751,0.327762,211,68.87221,0.00870882
2026-03-26T02:51:30Z,SOL5M_20260326T025500Z,0.697213,0.312821,210,219.219771,0.0044923
2026-03-26T02:51:31Z,SOL5M_20260326T025500Z,0.691742,0.315136,209,275.812324,0.0015301
2026-03-26T02:51:32Z,SOL5M_20260326T025500Z,0.692712,0.320159,208,163.479994,0.00460521
2026-03-26T02:51:33Z,SOL5M_20260326T025500Z,0.693735,0.320582,207,192.167244,0.0050985
2026-03-26T02:51:34Z,SOL5M_20260326T025500Z,0.696442,0.315098,206,258.370598,0.00383596
2026-03-26T02:51:35Z,SOL5M_20260326T025500Z,0.697536,0.31149,205,392.704366,0.00155869
2026-03-26T02:51:36Z,SOL5M_20260326T025500Z,0.689048,0.33257,204,75.703023,0.01109704
2026-03-26T02:51:37Z,SOL5M_20260326T025500Z,0.690729,0.32115,203,219.498507,0.00456091
2026-03-26T02:51:38Z,SOL5M_20260326T025500Z,0.698231,0.31211,202,240.795522,0.00507305
2026-03-26T02:51:39Z,SOL5M_20260326T025500Z,0.700157,0.311779,201,226.560708,0.00384621
2026-03-26T02:51:40Z,SOL5M_20260326T025500Z,0.687151,0.332176,200,97.681117,0.00875399
2026-03-26T02:51:41Z,SOL5M_20260326T025500Z,0.687355,0.324895,199,201.12979,0.00406773
2026-03-26T02:51:42Z,SOL5M_20260326T025500Z,0.689489,0.322885,198,212.548791,0.00407582
2026-03-26T02:51:43Z,SOL5M_20260326T025500Z,0.687372,0.326924,197,184.036403,0.00456232
2026-03-26T02:51:44Z,SOL5M_20260326T025500Z,0.691116,0.317494,196,346.121911,0.00159111
2026-03-26T02:51:45Z,SOL5M_20260326T025500Z,0.706344,0.310282,195,88.106562,0.01083661
2026-03-26T02:51:46Z,SOL5M_20260326T025500Z,0.710425,0.303785,194,229.002333,0.00446281
2026-03-26T02:51:47Z,SOL5M_20260326T025500Z,0.709926,0.303411,193,181.225541,0.00389625
2026-03-26T02:51:48Z,SOL5M_20260326T025500Z,0.712208,0.295539,192,399.101055,0.00178339
2026-03-26T02:51:49Z,SOL5M_20260326T025500Z,0.711628,0.301461,191,229.931034,0.00507087
2026-03-26T02:51:50Z,SOL5M_20260326T025500Z,0.719995,0.289853,190,160.289509,0.00446377
2026-03-26T02:51:51Z,SOL5M_20260326T025500Z,0.716718,0.296969,189,200.671533,0.00393639
2026-03-26T02:51:52Z,SOL5M_20260326T025500Z,0.721327,0.288341,188,242.943006,0.00420431
2026-03-26T02:51:53Z,SOL5M_20260326T025500Z,0.723958,0.286896,187,236.940883,0.00442798
2026-03-26T02:51:54Z,SOL5M_20260326T025500Z,0.728127,0.283119,186,243.441731,0.00490415
2026-03-26T02:51:55Z,SOL5M_20260326T025500Z,0.723823,0.289475,185,259.230269,0.00449453
2026-03-26T02:51:56Z,SOL5M_20260326T025500Z,0.724603,0.288522,184,165.30281,0.00468573
2026-03-26T02:51:57Z,SOL5M_20260326T025500Z,0.728983,0.282064,183,187.849376,0.00405126
2026-03-26T02:51:58Z,SOL5M_20260326T025500Z,0.728302,0.280356,182,324.758167,0.00181756
2026-03-26T02:51:59Z,SOL5M_20260326T025500Z,0.730575,0.282282,181,193.858475,0.00507675
2026-03-26T02:52:00Z,SOL5M_20260326T025500Z,0.730557,0.277882,180,437.71955,0.00155215
2026-03-26T02:52:01Z,SOL5M_20260326T025500Z,0.727185,0.289601,179,77.422742,0.0095049
2026-03-26T02:52:02Z,SOL5M_20260326T025500Z,0.721315,0.29181,178,229.890909,0.00486875
2026-03-26T02:52:03Z,SOL5M_20260326T025500Z,0.724062,0.284491,177,359.998637,0.00162715
2026-03-26T02:52:04Z,SOL5M_20260326T025500Z,0.720385,0.291356,176,152.468874,0.00395689
2026-03-26T02:52:05Z,SOL5M_20260326T025500Z,0.728803,0.283949,175,252.620656,0.00394912
2026-03-26T02:52:06Z,SOL5M_20260326T025500Z,0.731126,0.285834,174,101.236056,0.01041425
2026-03-26T02:52:07Z,SOL5M_20260326T025500Z,0.728159,0.295009,173,115.226937,0.01019821
2026-03-26T02:52:08Z,SOL5M_20260326T025500Z,0.727689,0.284977,172,252.341847,0.00445539
2026-03-26T02:52:09Z,SOL5M_20260326T025500Z,0.719335,0.297961,171,80.463823,0.01080964
2026-03-26T02:52:10Z,SOL5M_20260326T025500Z,0.725295,0.281297,170,314.857495,0.00173671
2026-03-26T02:52:11Z,SOL5M_20260326T025500Z,0.724404,0.286052,169,213.236226,0.00507859
2026-03-26T02:52:12Z,SOL5M_20260326T025500Z,0.72768,0.285008,168,166.20638,0.00486275
2026-03-26T02:52:13Z,SOL5M_20260326T025500Z,0.730336,0.281404,167,170.071562,0.00459632
2026-03-26T02:52:14Z,SOL5M_20260326T025500Z,0.729932,0.282858,166,251.947247,0.00468945
2026-03-26T02:52:15Z,SOL5M_20260326T025500Z,0.728934,0.279037,165,442.381325,0.00180831
2026-03-26T02:52:16Z,SOL5M_20260326T025500Z,0.760497,0.259824,164,105.410612,0.01084281
2026-03-26T02:52:17Z,SOL5M_20260326T025500Z,0.757799,0.253524,163,252.205063,0.00459078
2026-03-26T02:52:18Z,SOL5M_20260326T025500Z,0.741987,0.268049,162,255.058866,0.00467857
2026-03-26T02:52:19Z,SOL5M_20260326T025500Z,0.738914,0.271534,161,217.735109,0.00485979
2026-03-26T02:52:20Z,SOL5M_20260326T025500Z,0.735648,0.278255,160,223.505873,0.00408285
2026-03-26T02:52:21Z,SOL5M_20260326T025500Z,0.739194,0.267824,159,274.38802,0.00192708
2026-03-26T02:52:22Z,SOL5M_20260326T025500Z,0.739191,0.268939,158,258.228452,0.00179419
2026-03-26T02:52:23Z,SOL5M_20260326T025500Z,0.745244,0.264625,157,144.445122,0.00516938
2026-03-26T02:52:24Z,SOL5M_20260326T025500Z,0.74075,0.272053,156,236.852445,0.00398455
2026-03-26T02:52:25Z,SOL5M_20260326T025500Z,0.737014,0.272763,155,250.977897,0.00460712
2026-03-26T02:52:26Z,SOL5M_20260326T025500Z,0.737635,0.268912,154,437.784006,0.00178446
2026-03-26T02:52:27Z,SOL5M_20260326T025500Z,0.734339,0.277451,153,235.243653,0.00423991
2026-03-26T02:52:28Z,SOL5M_20260326T025500Z,0.738972,0.269019,152,267.329552,0.00197161
2026-03-26T02:52:29Z,SOL5M_20260326T025500Z,0.732534,0.280322,151,257.86313,0.00492055
2026-03-26T02:52:30Z,SOL5M_20260326T025500Z,0.7401,0.282591,150,70.415788,0.0102279
2026-03-26T02:52:31Z,SOL5M_20260326T025500Z,0.733677,0.277916,149,156.948416,0.00398801
2026-03-26T02:52:32Z,SOL5M_20260326T025500Z,0.735421,0.271109,148,439.391861,0.00176688
2026-03-26T02:52:33Z,SOL5M_20260326T025500Z,0.735313,0.271108,147,347.26317,0.00153844
2026-03-26T02:52:34Z,SOL5M_20260326T025500Z,0.74103,0.270568,146,246.429817,0.00470487
2026-03-26T02:52:35Z,SOL5M_20260326T025500Z,0.735374,0.276204,145,202.770424,0.00468876
2026-03-26T02:52:36Z,SOL5M_20260326T025500Z,0.735572,0.272427,144,282.800098,0.00155032
2026-03-26T02:52:37Z,SOL5M_20260326T025500Z,0.732616,0.277548,143,168.276681,0.00383117
2026-03-26T02:52:38Z,SOL5M_20260326T025500Z,0.735126,0.277065,142,231.335389,0.00431357
2026-03-26T02:52:39Z,SOL5M_20260326T025500Z,0.744737,0.268152,141,235.593557,0.00408652
2026-03-26T02:52:40Z,SOL5M_20260326T025500Z,0.738241,0.271566,140,220.417116,0.00406304
2026-03-26T02:52:41Z,SOL5M_20260326T025500Z,0.737063,0.272745,139,231.008962,0.00491196
2026-03-26T02:52:42Z,SOL5M_20260326T025500Z,0.75272,0.267161,138,105.416569,0.00902766
2026-03-26T02:52:43Z,SOL5M_20260326T025500Z,0.751204,0.257362,137,286.737793,0.00170603
2026-03-26T02:52:44Z,SOL5M_20260326T025500Z,0.7517,0.257061,136,265.593468,0.00170611
2026-03-26T02:52:45Z,SOL5M_20260326T025500Z,0.753098,0.257198,135,246.858661,0.00447895
2026-03-26T02:52:46Z,SOL5M_20260326T025500Z,0.739571,0.273485,134,156.368554,0.0043479
2026-03-26T02:52:47Z,SOL5M_20260326T025500Z,0.735002,0.275253,133,147.158206,0.00475948
2026-03-26T02:52:48Z,SOL5M_20260326T025500Z,0.728177,0.285678,132,181.229121,0.00405612
2026-03-26T02:52:49Z,SOL5M_20260326T025500Z,0.722648,0.286488,131,448.728527,0.00162177
2026-03-26T02:52:50Z,SOL5M_20260326T025500Z,0.732538,0.288195,130,116.765874,0.00996764
2026-03-26T02:52:51Z,SOL5M_20260326T025500Z,0.730365,0.277889,129,313.732149,0.00166319
2026-03-26T02:52:52Z,SOL5M_20260326T025500Z,0.72854,0.277876,128,365.477165,0.00161044
2026-03-26T02:52:53Z,SOL5M_20260326T025500Z,0.730187,0.277747,127,356.535563,0.00154816
2026-03-26T02:52:54Z,SOL5M_20260326T025500Z,0.750693,0.269775,126,75.987621,0.00985732
2026-03-26T02:52:55Z,SOL5M_20260326T025500Z,0.744953,0.265082,125,217.716824,0.00422432
2026-03-26T02:52:56Z,SOL5M_20260326T025500Z,0.752676,0.260511,124,242.950653,0.00477446
2026-03-26T02:52:57Z,SOL5M_20260326T025500Z,0.75147,0.267494,123,105.65237,0.00971608
2026-03-26T02:52:58Z,SOL5M_20260326T025500Z,0.751208,0.258051,122,259.846704,0.00199461
2026-03-26T02:52:59Z,SOL5M_20260326T025500Z,0.755379,0.258034,121,205.092213,0.00510223
2026-03-26T02:53:00Z,SOL5M_20260326T025500Z,0.762432,0.247431,120,228.291294,0.00501414
2026-03-26T02:53:01Z,SOL5M_20260326T025500Z,0.755243,0.256111,119,214.296014,0.00431855
2026-03-26T02:53:02Z,SOL5M_20260326T025500Z,0.757032,0.250023,118,393.960799,0.00156618
2026-03-26T02:53:03Z,SOL5M_20260326T025500Z,0.75566,0.258544,117,209.614326,0.00509285
2026-03-26T02:53:04Z,SOL5M_20260326T025500Z,0.755731,0.251524,116,319.069451,0.00165174
2026-03-26T02:53:05Z,SOL5M_20260326T025500Z,0.755999,0.25419,115,203.201912,0.00448141
2026-03-26T02:53:06Z,SOL5M_20260326T025500Z,0.757653,0.250734,114,306.375514,0.00181774
2026-03-26T02:53:07Z,SOL5M_20260326T025500Z,0.730475,0.289188,113,111.162774,0.00869688
2026-03-26T02:53:08Z,SOL5M_20260326T025500Z,0.733588,0.283287,112,114.657854,0.00936512
2026-03-26T02:53:09Z,SOL5M_20260326T025500Z,0.754717,0.263628,111,96.872915,0.01006206
2026-03-26T02:53:10Z,SOL5M_20260326T025500Z,0.745878,0.261942,110,317.807052,0.00160129
2026-03-26T02:53:11Z,SOL5M_20260326T025500Z,0.740888,0.28027,109,114.16223,0.00919698
2026-03-26T02:53:12Z,SOL5M_20260326T025500Z,0.738722,0.273726,108,179.15677,0.00469717
2026-03-26T02:53:13Z,SOL5M_20260326T025500Z,0.730245,0.28018,107,234.721791,0.00400314
2026-03-26T02:53:14Z,SOL5M_20260326T025500Z,0.726307,0.28352,106,232.369968,0.00513548
2026-03-26T02:53:15Z,SOL5M_20260326T025500Z,0.74323,0.280556,105,78.403315,0.01063544
2026-03-26T02:53:16Z,SOL5M_20260326T025500Z,0.73766,0.269501,104,277.231808,0.00188983
2026-03-26T02:53:17Z,SOL5M_20260326T025500Z,0.73916,0.270606,103,207.498469,0.00407407
2026-03-26T02:53:18Z,SOL5M_20260326T025500Z,0.736592,0.273789,102,204.783992,0.00432844
2026-03-26T02:53:19Z,SOL5M_20260326T025500Z,0.742149,0.268988,101,194.964888,0.00402127
2026-03-26T02:53:20Z,SOL5M_20260326T025500Z,0.746713,0.261945,100,314.568936,0.00205682
2026-03-26T02:53:21Z,SOL5M_20260326T025500Z,0.751097,0.269425,99,70.942508,0.01022118
2026-03-26T02:53:22Z,SOL5M_20260326T025500Z,0.747602,0.266319,98,227.796863,0.00475535
2026-03-26T02:53:23Z,SOL5M_20260326T025500Z,0.751225,0.258819,97,193.516723,0.00496018
2026-03-26T02:53:24Z,SOL5M_20260326T025500Z,0.754376,0.255018,96,291.65021,0.00184505
2026-03-26T02:53:25Z,SOL5M_20260326T025500Z,0.752675,0.259382,95,150.485232,0.0047316
2026-03-26T02:53:26Z,SOL5M_20260326T025500Z,0.756736,0.257225,94,253.20826,0.00464186
2026-03-26T02:53:27Z,SOL5M_20260326T025500Z,0.758913,0.252374,93,174.158044,0.00432832
2026-03-26T02:53:28Z,SOL5M_20260326T025500Z,0.768359,0.251194,92,102.304081,0.0087628
2026-03-26T02:53:29Z,SOL5M_20260326T025500Z,0.764589,0.258582,91,85.886939,0.01141108
2026-03-26T02:53:30Z,SOL5M_20260326T025500Z,0.770984,0.236935,90,288.634596,0.00157648
2026-03-26T02:53:31Z,SOL5M_20260326T025500Z,0.755205,0.264071,89,67.776207,0.01076834
2026-03-26T02:53:32Z,SOL5M_20260326T025500Z,0.750752,0.262473,88,225.229641,0.00457535
2026-03-26T02:53:33Z,SOL5M_20260326T025500Z,0.751364,0.257707,87,418.512144,0.00155281
2026-03-26T02:53:34Z,SOL5M_20260326T025500Z,0.753623,0.252785,86,250.636403,0.00178026
2026-03-26T02:53:35Z,SOL5M_20260326T025500Z,0.763863,0.24774,85,247.122383,0.00470765
2026-03-26T02:53:36Z,SOL5M_20260326T025500Z,0.765736,0.241551,84,270.064479,0.00166217
2026-03-26T02:53:37Z,SOL5M_20260326T025500Z,0.764384,0.244025,83,427.352643,0.00183541
2026-03-26T02:53:38Z,SOL5M_20260326T025500Z,0.762629,0.245612,82,352.630433,0.00159458
2026-03-26T02:53:39Z,SOL5M_20260326T025500Z,0.761013,0.249371,81,156.259687,0.00501073
2026-03-26T02:53:40Z,SOL5M_20260326T025500Z,0.751026,0.259965,80,182.718119,0.00505634
2026-03-26T02:53:41Z,SOL5M_20260326T025500Z,0.750474,0.258334,79,264.846817,0.00162895
2026-03-26T02:53:42Z,SOL5M_20260326T025500Z,0.738641,0.279767,78,99.988226,0.01098047
2026-03-26T02:53:43Z,SOL5M_20260326T025500Z,0.740149,0.267909,77,247.708509,0.00197459
2026-03-26T02:53:44Z,SOL5M_20260326T025500Z,0.740444,0.269648,76,249.294557,0.00428442
2026-03-26T02:53:45Z,SOL5M_20260326T025500Z,0.749007,0.271198,75,107.896474,0.01034029
2026-03-26T02:53:46Z,SOL5M_20260326T025500Z,0.753975,0.253898,74,268.933015,0.00193841
2026-03-26T02:53:47Z,SOL5M_20260326T025500Z,0.75889,0.254631,73,183.508228,0.00424562
2026-03-26T02:53:48Z,SOL5M_20260326T025500Z,0.75728,0.251392,72,316.829477,0.00194234
2026-03-26T02:53:49Z,SOL5M_20260326T025500Z,0.757639,0.259364,71,75.235019,0.00892708
2026-03-26T02:53:50Z,SOL5M_20260326T025500Z,0.760026,0.249947,70,234.083567,0.0047576
2026-03-26T02:53:51Z,SOL5M_20260326T025500Z,0.752416,0.257468,69,201.617503,0.00489562
2026-03-26T02:53:52Z,SOL5M_20260326T025500Z,0.754108,0.259114,68,220.110371,0.00391443
2026-03-26T02:53:53Z,SOL5M_20260326T025500Z,0.740626,0.2761,67,81.982818,0.00905435
2026-03-26T02:53:54Z,SOL5M_20260326T025500Z,0.715471,0.301813,66,81.783173,0.01134637
2026-03-26T02:53:55Z,SOL5M_20260326T025500Z,0.71722,0.289225,65,366.408072,0.00158352
2026-03-26T02:53:56Z,SOL5M_20260326T025500Z,0.718005,0.294173,64,248.199235,0.00420551
2026-03-26T02:53:57Z,SOL5M_20260326T025500Z,0.719849,0.288437,63,321.957235,0.00191219
2026-03-26T02:53:58Z,SOL5M_20260326T025500Z,0.716716,0.302321,62,82.160407,0.00904255
2026-03-26T02:53:59Z,SOL5M_20260326T025500Z,0.730832,0.286256,61,68.957073,0.00887085
2026-03-26T02:54:00Z,SOL5M_20260326T025500Z,0.72946,0.27799,60,253.527798,0.00183085
2026-03-26T02:54:01Z,SOL5M_20260326T025500Z,0.730042,0.282217,59,193.274704,0.00514284
2026-03-26T02:54:02Z,SOL5M_20260326T025500Z,0.713383,0.309346,58,66.758894,0.00906635
2026-03-26T02:54:03Z,SOL5M_20260326T025500Z,0.722593,0.296911,57,68.679282,0.00997495
2026-03-26T02:54:04Z,SOL5M_20260326T025500Z,0.73184,0.280595,56,188.074915,0.00401855
2026-03-26T02:54:05Z,SOL5M_20260326T025500Z,0.738939,0.273517,55,180.635798,0.00514153
2026-03-26T02:54:06Z,SOL5M_20260326T025500Z,0.731721,0.279216,54,227.02406,0.00495645
2026-03-26T02:54:07Z,SOL5M_20260326T025500Z,0.731506,0.276417,53,329.049461,0.00187767
2026-03-26T02:54:08Z,SOL5M_20260326T025500Z,0.733585,0.279701,52,173.466876,0.00447912
2026-03-26T02:54:09Z,SOL5M_20260326T025500Z,0.732483,0.274086,51,265.916712,0.00160269
2026-03-26T02:54:10Z,SOL5M_20260326T025500Z,0.733712,0.274862,50,325.352926,0.00205492
2026-03-26T02:54:11Z,SOL5M_20260326T025500Z,0.738884,0.274521,49,232.108653,0.00483967
2026-03-26T02:54:12Z,SOL5M_20260326T025500Z,0.745246,0.262254,48,299.949707,0.00179474
2026-03-26T02:54:13Z,SOL5M_20260326T025500Z,0.737291,0.27415,47,249.792699,0.00440605
2026-03-26T02:54:14Z,SOL5M_20260326T025500Z,0.742806,0.269466,46,143.943176,0.00444554
2026-03-26T02:54:15Z,SOL5M_20260326T025500Z,0.735392,0.276547,45,225.886783,0.00400656
2026-03-26T02:54:16Z,SOL5M_20260326T025500Z,0.734878,0.273353,44,388.928575,0.00188644
2026-03-26T02:54:17Z,SOL5M_20260326T025500Z,0.734938,0.277624,43,256.504491,0.00449283
2026-03-26T02:54:18Z,SOL5M_20260326T025500Z,0.743364,0.272997,42,64.519937,0.00946145
2026-03-26T02:54:19Z,SOL5M_20260326T025500Z,0.735704,0.274363,41,180.950783,0.00502831
2026-03-26T02:54:20Z,SOL5M_20260326T025500Z,0.736253,0.274536,40,219.348801,0.00429921
2026-03-26T02:54:21Z,SOL5M_20260326T025500Z,0.727625,0.282069,39,180.511311,0.00423663
2026-03-26T02:54:22Z,SOL5M_20260326T025500Z,0.728763,0.285163,38,208.165929,0.00499055
2026-03-26T02:54:23Z,SOL5M_20260326T025500Z,0.746961,0.27362,37,84.076243,0.00963321
2026-03-26T02:54:24Z,SOL5M_20260326T025500Z,0.744054,0.26796,36,180.316095,0.0047364
2026-03-26T02:54:25Z,SOL5M_20260326T025500Z,0.741748,0.271919,35,199.634205,0.00441359
2026-03-26T02:54:26Z,SOL5M_20260326T025500Z,0.746385,0.269995,34,78.5172,0.0101075
2026-03-26T02:54:27Z,SOL5M_20260326T025500Z,0.748612,0.258092,33,422.279246,0.00157966
2026-03-26T02:54:28Z,SOL5M_20260326T025500Z,0.749955,0.260652,32,197.032204,0.0049066
2026-03-26T02:54:29Z,SOL5M_20260326T025500Z,0.736563,0.281038,31,92.157169,0.00979873
2026-03-26T02:54:30Z,SOL5M_20260326T025500Z,0.742145,0.264833,30,405.322865,0.00177474
2026-03-26T02:54:31Z,SOL5M_20260326T025500Z,0.740565,0.26821,29,447.044586,0.00164499
2026-03-26T02:54:32Z,SOL5M_20260326T025500Z,0.730694,0.291459,28,96.178804,0.01009816
2026-03-26T02:54:33Z,SOL5M_20260326T025500Z,0.730575,0.276307,27,276.026175,0.00172671
2026-03-26T02:54:34Z,SOL5M_20260326T025500Z,0.731668,0.281917,26,178.238382,0.00441277
2026-03-26T02:54:35Z,SOL5M_20260326T025500Z,0.733929,0.286881,25,76.848118,0.01043813
2026-03-26T02:54:36Z,SOL5M_20260326T025500Z,0.729557,0.284014,24,169.470393,0.00408409
2026-03-26T02:54:37Z,SOL5M_20260326T025500Z,0.729477,0.277359,23,278.465283,0.00154998
2026-03-26T02:54:38Z,SOL5M_20260326T025500Z,0.735047,0.287774,22,72.503202,0.01047601
2026-03-26T02:54:39Z,SOL5M_20260326T025500Z,0.746199,0.276739,21,95.486386,0.00875179
2026-03-26T02:54:40Z,SOL5M_20260326T025500Z,0.744159,0.265874,20,218.891672,0.00431564
2026-03-26T02:54:41Z,SOL5M_20260326T025500Z,0.746516,0.26559,19,251.952254,0.00481655
2026-03-26T02:54:42Z,SOL5M_20260326T025500Z,0.749011,0.274066,18,76.597635,0.01129467
2026-03-26T02:54:43Z,SOL5M_20260326T025500Z,0.74432,0.268872,17,186.79408,0.00461384
2026-03-26T02:54:44Z,SOL5M_20260326T025500Z,0.744633,0.269622,16,161.018511,0.00401978
2026-03-26T02:54:45Z,SOL5M_20260326T025500Z,0.744449,0.26667,15,253.845307,0.00433085
2026-03-26T02:54:46Z,SOL5M_20260326T025500Z,0.744908,0.26449,14,429.681044,0.00205019
2026-03-26T02:54:47Z,SOL5M_20260326T025500Z,0.75054,0.263099,13,212.697768,0.00513019
2026-03-26T02:54:48Z,SOL5M_20260326T025500Z,0.745942,0.271976,12,105.595346,0.01057205
2026-03-26T02:54:49Z,SOL5M_20260326T025500Z,0.742369,0.271392,11,154.646452,0.00492154
2026-03-26T02:54:50Z,SOL5M_20260326T025500Z,0.742087,0.272207,10,187.157068,0.00505322
2026-03-26T02:54:51Z,SOL5M_20260326T025500Z,0.742023,0.271973,9,246.829607,0.00410902
2026-03-26T02:54:52Z,SOL5M_20260326T025500Z,0.759008,0.257263,8,84.939596,0.01080022
2026-03-26T02:54:53Z,SOL5M_20260326T025500Z,0.751436,0.261608,7,240.939616,0.0043825
2026-03-26T02:54:54Z,SOL5M_20260326T025500Z,0.743453,0.276598,6,100.718038,0.0109732
2026-03-26T02:54:55Z,SOL5M_20260326T025500Z,0.741816,0.264751,5,250.743688,0.00177476
2026-03-26T02:54:56Z,SOL5M_20260326T025500Z,0.73788,0.269802,4,273.579367,0.00195715
2026-03-26T02:54:57Z,SOL5M_20260326T025500Z,0.739572,0.274015,3,256.35975,0.00452209
2026-03-26T02:54:58Z,SOL5M_20260326T025500Z,0.717177,0.301378,2,105.802684,0.01055726
2026-03-26T02:54:59Z,SOL5M_20260326T025500Z,0.720173,0.286863,1,412.90102,0.00197646
2026-03-26T02:55:00Z,SOL5M_20260326T030000Z,0.726424,0.287421,300,253.370859,0.00500813
2026-03-26T02:55:01Z,SOL5M_20260326T030000Z,0.725091,0.284426,299,435.437404,0.00186838
2026-03-26T02:55:02Z,SOL5M_20260326T030000Z,0.726276,0.281496,298,329.217331,0.00162113
2026-03-26T02:55:03Z,SOL5M_20260326T030000Z,0.736231,0.28325,297,101.803505,0.00885205
2026-03-26T02:55:04Z,SOL5M_20260326T030000Z,0.736664,0.276361,296,154.221482,0.00473437
2026-03-26T02:55:05Z,SOL5M_20260326T030000Z,0.743452,0.270258,295,155.62392,0.00449213
2026-03-26T02:55:06Z,SOL5M_20260326T030000Z,0.735424,0.283923,294,99.568187,0.0093489
2026-03-26T02:55:07Z,SOL5M_20260326T030000Z,0.74095,0.270425,293,248.879388,0.00465887
2026-03-26T02:55:08Z,SOL5M_20260326T030000Z,0.739089,0.272063,292,155.984592,0.00383893
2026-03-26T02:55:09Z,SOL5M_20260326T030000Z,0.732779,0.273926,291,298.807375,0.0019275
2026-03-26T02:55:10Z,SOL5M_20260326T030000Z,0.745745,0.268639,290,248.987184,0.00414204
2026-03-26T02:55:11Z,SOL5M_20260326T030000Z,0.742187,0.266196,289,298.267945,0.00155458
2026-03-26T02:55:12Z,SOL5M_20260326T030000Z,0.740383,0.271903,288,256.166937,0.00432572
2026-03-26T02:55:13Z,SOL5M_20260326T030000Z,0.73654,0.281999,287,70.123655,0.01113369
2026-03-26T02:55:14Z,SOL5M_20260326T030000Z,0.743083,0.267131,286,145.299459,0.00398274
2026-03-26T02:55:15Z,SOL5M_20260326T030000Z,0.732237,0.288667,285,110.354565,0.00934878
2026-03-26T02:55:16Z,SOL5M_20260326T030000Z,0.733218,0.277896,284,247.120617,0.00424756
2026-03-26T02:55:17Z,SOL5M_20260326T030000Z,0.731347,0.285079,283,106.10389,0.01047226
2026-03-26T02:55:18Z,SOL5M_20260326T030000Z,0.727233,0.285756,282,171.226876,0.00387341
2026-03-26T02:55:19Z,SOL5M_20260326T030000Z,0.72895,0.282979,281,225.083497,0.0043063
2026-03-26T02:55:20Z,SOL5M_20260326T030000Z,0.73004,0.286708,280,69.677329,0.01110064
2026-03-26T02:55:21Z,SOL5M_20260326T030000Z,0.733425,0.274849,279,432.08785,0.00167731
2026-03-26T02:55:22Z,SOL5M_20260326T030000Z,0.750508,0.268823,278,93.822542,0.01007805
2026-03-26T02:55:23Z,SOL5M_20260326T030000Z,0.753525,0.26792,277,99.790867,0.00857789
2026-03-26T02:55:24Z,SOL5M_20260326T030000Z,0.759134,0.247758,276,420.765214,0.00204366
2026-03-26T02:55:25Z,SOL5M_20260326T030000Z,0.766116,0.243512,275,211.304511,0.00511452
2026-03-26T02:55:26Z,SOL5M_20260326T030000Z,0.762999,0.245742,274,313.232248,0.00204348
2026-03-26T02:55:27Z,SOL5M_20260326T030000Z,0.749564,0.261587,273,217.237284,0.00389072
2026-03-26T02:55:28Z,SOL5M_20260326T030000Z,0.761458,0.250056,272,185.766912,0.00511007
2026-03-26T02:55:29Z,SOL5M_20260326T030000Z,0.76833,0.245011,271,159.552882,0.00497567
2026-03-26T02:55:30Z,SOL5M_20260326T030000Z,0.766125,0.241845,270,270.326417,0.00188319
2026-03-26T02:55:31Z,SOL5M_20260326T030000Z,0.768407,0.240656,269,384.759262,0.00160089
2026-03-26T02:55:32Z,SOL5M_20260326T030000Z,0.76341,0.248893,268,197.172762,0.00502031
2026-03-26T02:55:33Z,SOL5M_20260326T030000Z,0.761548,0.244981,267,334.463591,0.00176442
2026-03-26T02:55:34Z,SOL5M_20260326T030000Z,0.756593,0.253752,266,222.348384,0.00412771
2026-03-26T02:55:35Z,SOL5M_20260326T030000Z,0.753819,0.258073,265,248.864925,0.00441543
2026-03-26T02:55:36Z,SOL5M_20260326T030000Z,0.752742,0.259369,264,240.984555,0.00504392
2026-03-26T02:55:37Z,SOL5M_20260326T030000Z,0.75843,0.251623,263,190.989623,0.0039703
2026-03-26T02:55:38Z,SOL5M_20260326T030000Z,0.75725,0.249412,262,298.520643,0.00166683
2026-03-26T02:55:39Z,SOL5M_20260326T030000Z,0.759001,0.250999,261,187.154881,0.00407098
2026-03-26T02:55:40Z,SOL5M_20260326T030000Z,0.757895,0.254922,260,194.599778,0.00461773
2026-03-26T02:55:41Z,SOL5M_20260326T030000Z,0.750441,0.271536,259,72.994719,0.00906158
2026-03-26T02:55:42Z,SOL5M_20260326T030000Z,0.752694,0.263352,258,91.856304,0.00881899
2026-03-26T02:55:43Z,SOL5M_20260326T030000Z,0.753687,0.254639,257,447.8188,0.00199914
2026-03-26T02:55:44Z,SOL5M_20260326T030000Z,0.751879,0.256677,256,320.753044,0.00205592
2026-03-26T02:55:45Z,SOL5M_20260326T030000Z,0.752455,0.257221,255,153.4295,0.00384373
2026-03-26T02:55:46Z,SOL5M_20260326T030000Z,0.741743,0.279454,254,98.025654,0.00912769
2026-03-26T02:55:47Z,SOL5M_20260326T030000Z,0.736189,0.275686,253,195.611067,0.00423124
2026-03-26T02:55:48Z,SOL5M_20260326T030000Z,0.732921,0.281305,252,224.311773,0.00403077
2026-03-26T02:55:49Z,SOL5M_20260326T030000Z,0.730506,0.279339,251,240.060624,0.00459373
2026-03-26T02:55:50Z,SOL5M_20260326T030000Z,0.733856,0.275259,250,450.692257,0.00191507
2026-03-26T02:55:51Z,SOL5M_20260326T030000Z,0.728436,0.284001,249,198.332115,0.00448312
2026-03-26T02:55:52Z,SOL5M_20260326T030000Z,0.724414,0.284272,248,347.459314,0.00197101
2026-03-26T02:55:53Z,SOL5M_20260326T030000Z,0.724507,0.287365,247,190.056495,0.00503038
2026-03-26T02:55:54Z,SOL5M_20260326T030000Z,0.721391,0.294776,246,100.66578,0.00954029
2026-03-26T02:55:55Z,SOL5M_20260326T030000Z,0.726455,0.284773,245,249.088419,0.0041216
2026-03-26T02:55:56Z,SOL5M_20260326T030000Z,0.723386,0.294961,244,70.082563,0.01047087
2026-03-26T02:55:57Z,SOL5M_20260326T030000Z,0.716628,0.292331,243,412.154259,0.00192668
2026-03-26T02:55:58Z,SOL5M_20260326T030000Z,0.715945,0.292589,242,402.343403,0.00168253
2026-03-26T02:55:59Z,SOL5M_20260326T030000Z,0.715323,0.295734,241,259.252068,0.00438658
2026-03-26T02:56:00Z,SOL5M_20260326T030000Z,0.724364,0.28695,240,245.708733,0.00384948
2026-03-26T02:56:01Z,SOL5M_20260326T030000Z,0.724372,0.288193,239,191.674456,0.00391095
2026-03-26T02:56:02Z,SOL5M_20260326T030000Z,0.733986,0.277319,238,180.838906,0.00417306
2026-03-26T02:56:03Z,SOL5M_20260326T030000Z,0.740321,0.272493,237,201.846493,0.00475668
2026-03-26T02:56:04Z,SOL5M_20260326T030000Z,0.743794,0.278939,236,87.685325,0.00981348
2026-03-26T02:56:05Z,SOL5M_20260326T030000Z,0.741019,0.265515,235,417.958148,0.00204159
2026-03-26T02:56:06Z,SOL5M_20260326T030000Z,0.7422,0.264702,234,436.307012,0.00200027
